%YAML 1.1
%TAG !u! tag:unity3d.com,2011:
--- !u!29 &1
OcclusionCullingSettings:
  m_ObjectHideFlags: 0
  serializedVersion: 2
  m_OcclusionBakeSettings:
    smallestOccluder: 5
    smallestHole: 0.25
    backfaceThreshold: 100
  m_SceneGUID: 00000000000000000000000000000000
  m_OcclusionCullingData: {fileID: 0}
--- !u!104 &2
RenderSettings:
  m_ObjectHideFlags: 0
  serializedVersion: 9
  m_Fog: 0
  m_FogColor: {r: 0.5, g: 0.5, b: 0.5, a: 1}
  m_FogMode: 3
  m_FogDensity: 0.01
  m_LinearFogStart: 0
  m_LinearFogEnd: 300
  m_AmbientSkyColor: {r: 0.212, g: 0.227, b: 0.259, a: 1}
  m_AmbientEquatorColor: {r: 0.114, g: 0.125, b: 0.133, a: 1}
  m_AmbientGroundColor: {r: 0.047, g: 0.043, b: 0.035, a: 1}
  m_AmbientIntensity: 1
  m_AmbientMode: 0
  m_SubtractiveShadowColor: {r: 0.42, g: 0.478, b: 0.627, a: 1}
  m_SkyboxMaterial: {fileID: 10304, guid: 0000000000000000f000000000000000, type: 0}
  m_HaloStrength: 0.5
  m_FlareStrength: 1
  m_FlareFadeSpeed: 3
  m_HaloTexture: {fileID: 0}
  m_SpotCookie: {fileID: 10001, guid: 0000000000000000e000000000000000, type: 0}
  m_DefaultReflectionMode: 0
  m_DefaultReflectionResolution: 128
  m_ReflectionBounces: 1
  m_ReflectionIntensity: 1
  m_CustomReflection: {fileID: 0}
  m_Sun: {fileID: 0}
  m_IndirectSpecularColor: {r: 0, g: 0, b: 0, a: 1}
  m_UseRadianceAmbientProbe: 0
--- !u!157 &4
LightmapSettings:
  m_ObjectHideFlags: 0
  serializedVersion: 11
  m_GIWorkflowMode: 0
  m_GISettings:
    serializedVersion: 2
    m_BounceScale: 1
    m_IndirectOutputScale: 1
    m_AlbedoBoost: 1
    m_TemporalCoherenceThreshold: 1
    m_EnvironmentLightingMode: 0
    m_EnableBakedLightmaps: 1
    m_EnableRealtimeLightmaps: 1
  m_LightmapEditorSettings:
    serializedVersion: 10
    m_Resolution: 2
    m_BakeResolution: 40
    m_AtlasSize: 1024
    m_AO: 0
    m_AOMaxDistance: 1
    m_CompAOExponent: 0
    m_CompAOExponentDirect: 0
    m_Padding: 2
    m_LightmapParameters: {fileID: 0}
    m_LightmapsBakeMode: 1
    m_TextureCompression: 1
    m_FinalGather: 0
    m_FinalGatherFiltering: 1
    m_FinalGatherRayCount: 1024
    m_ReflectionCompression: 2
    m_MixedBakeMode: 1
    m_BakeBackend: 0
    m_PVRSampling: 1
    m_PVRDirectSampleCount: 32
    m_PVRSampleCount: 500
    m_PVRBounces: 2
    m_PVRFilterTypeDirect: 0
    m_PVRFilterTypeIndirect: 0
    m_PVRFilterTypeAO: 0
    m_PVRFilteringMode: 0
    m_PVRCulling: 1
    m_PVRFilteringGaussRadiusDirect: 1
    m_PVRFilteringGaussRadiusIndirect: 5
    m_PVRFilteringGaussRadiusAO: 2
    m_PVRFilteringAtrousPositionSigmaDirect: 0.5
    m_PVRFilteringAtrousPositionSigmaIndirect: 2
    m_PVRFilteringAtrousPositionSigmaAO: 1
    m_ShowResolutionOverlay: 1
  m_LightingDataAsset: {fileID: 0}
  m_UseShadowmask: 0
--- !u!196 &5
NavMeshSettings:
  serializedVersion: 2
  m_ObjectHideFlags: 0
  m_BuildSettings:
    serializedVersion: 2
    agentTypeID: 0
    agentRadius: 0.5
    agentHeight: 2
    agentSlope: 45
    agentClimb: 0.4
    ledgeDropHeight: 0
    maxJumpAcrossDistance: 0
    minRegionArea: 2
    manualCellSize: 0
    cellSize: 0.16666667
    manualTileSize: 0
    tileSize: 256
    accuratePlacement: 0
    debug:
      m_Flags: 0
  m_NavMeshData: {fileID: 0}
--- !u!1 &35265107
GameObject:
  m_ObjectHideFlags: 0
  m_PrefabParentObject: {fileID: 142934, guid: 6b9b2415f3faeeb468f94f7439fed488, type: 2}
  m_PrefabInternal: {fileID: 399834292}
  serializedVersion: 5
  m_Component:
  - component: {fileID: 35265111}
  - component: {fileID: 35265110}
  - component: {fileID: 35265109}
  - component: {fileID: 35265108}
  m_Layer: 5
  m_Name: GameTablet_3
  m_TagString: Untagged
  m_Icon: {fileID: 0}
  m_NavMeshLayer: 0
  m_StaticEditorFlags: 0
  m_IsActive: 1
--- !u!114 &35265108
MonoBehaviour:
  m_ObjectHideFlags: 0
  m_PrefabParentObject: {fileID: 11442932, guid: 6b9b2415f3faeeb468f94f7439fed488,
    type: 2}
  m_PrefabInternal: {fileID: 399834292}
  m_GameObject: {fileID: 35265107}
  m_Enabled: 1
  m_EditorHideFlags: 0
  m_Script: {fileID: 1301386320, guid: f5f67c52d1564df4a8936ccd202a3bd8, type: 3}
  m_Name: 
  m_EditorClassIdentifier: 
  m_IgnoreReversedGraphics: 1
  m_BlockingObjects: 0
  m_BlockingMask:
    serializedVersion: 2
    m_Bits: 4294967295
--- !u!114 &35265109
MonoBehaviour:
  m_ObjectHideFlags: 0
  m_PrefabParentObject: {fileID: 11442930, guid: 6b9b2415f3faeeb468f94f7439fed488,
    type: 2}
  m_PrefabInternal: {fileID: 399834292}
  m_GameObject: {fileID: 35265107}
  m_Enabled: 1
  m_EditorHideFlags: 0
  m_Script: {fileID: 1980459831, guid: f5f67c52d1564df4a8936ccd202a3bd8, type: 3}
  m_Name: 
  m_EditorClassIdentifier: 
  m_UiScaleMode: 1
  m_ReferencePixelsPerUnit: 100
  m_ScaleFactor: 1
  m_ReferenceResolution: {x: 1536, y: 2048}
  m_ScreenMatchMode: 0
  m_MatchWidthOrHeight: 1
  m_PhysicalUnit: 3
  m_FallbackScreenDPI: 96
  m_DefaultSpriteDPI: 96
  m_DynamicPixelsPerUnit: 1
--- !u!223 &35265110
Canvas:
  m_ObjectHideFlags: 0
  m_PrefabParentObject: {fileID: 22342972, guid: 6b9b2415f3faeeb468f94f7439fed488,
    type: 2}
  m_PrefabInternal: {fileID: 399834292}
  m_GameObject: {fileID: 35265107}
  m_Enabled: 1
  serializedVersion: 3
  m_RenderMode: 0
  m_Camera: {fileID: 0}
  m_PlaneDistance: 100
  m_PixelPerfect: 1
  m_ReceivesEvents: 1
  m_OverrideSorting: 0
  m_OverridePixelPerfect: 0
  m_SortingBucketNormalizedSize: 0
  m_AdditionalShaderChannelsFlag: 25
  m_SortingLayerID: 0
  m_SortingOrder: 0
  m_TargetDisplay: 0
--- !u!224 &35265111
RectTransform:
  m_ObjectHideFlags: 0
  m_PrefabParentObject: {fileID: 22442934, guid: 6b9b2415f3faeeb468f94f7439fed488,
    type: 2}
  m_PrefabInternal: {fileID: 399834292}
  m_GameObject: {fileID: 35265107}
  m_LocalRotation: {x: 0, y: 0, z: 0, w: 1}
  m_LocalPosition: {x: 0, y: 0, z: 0}
  m_LocalScale: {x: 0, y: 0, z: 0}
  m_Children:
  - {fileID: 1608382675}
  - {fileID: 2114914017}
  m_Father: {fileID: 0}
  m_RootOrder: 0
  m_LocalEulerAnglesHint: {x: 0, y: 0, z: 0}
  m_AnchorMin: {x: 0, y: 0}
  m_AnchorMax: {x: 0, y: 0}
  m_AnchoredPosition: {x: 0, y: 0}
  m_SizeDelta: {x: 0, y: 0}
  m_Pivot: {x: 0, y: 0}
--- !u!1 &212962393
GameObject:
  m_ObjectHideFlags: 0
  m_PrefabParentObject: {fileID: 142940, guid: 6b9b2415f3faeeb468f94f7439fed488, type: 2}
  m_PrefabInternal: {fileID: 399834292}
  serializedVersion: 5
  m_Component:
  - component: {fileID: 212962394}
  - component: {fileID: 212962396}
  - component: {fileID: 212962395}
  m_Layer: 5
  m_Name: Blocks
  m_TagString: Untagged
  m_Icon: {fileID: 0}
  m_NavMeshLayer: 0
  m_StaticEditorFlags: 0
  m_IsActive: 1
--- !u!224 &212962394
RectTransform:
  m_ObjectHideFlags: 0
  m_PrefabParentObject: {fileID: 22442940, guid: 6b9b2415f3faeeb468f94f7439fed488,
    type: 2}
  m_PrefabInternal: {fileID: 399834292}
  m_GameObject: {fileID: 212962393}
  m_LocalRotation: {x: 0, y: 0, z: 0, w: 1}
  m_LocalPosition: {x: 0, y: 0, z: 0}
  m_LocalScale: {x: 1, y: 1, z: 1}
  m_Children: []
  m_Father: {fileID: 2114914017}
  m_RootOrder: 8
  m_LocalEulerAnglesHint: {x: 0, y: 0, z: 0}
  m_AnchorMin: {x: 0.5, y: 0.5}
  m_AnchorMax: {x: 0.5, y: 0.5}
  m_AnchoredPosition: {x: 192, y: -124}
  m_SizeDelta: {x: 384, y: 200}
  m_Pivot: {x: 0.5, y: 0.5}
--- !u!114 &212962395
MonoBehaviour:
  m_ObjectHideFlags: 0
  m_PrefabParentObject: {fileID: 11442938, guid: 6b9b2415f3faeeb468f94f7439fed488,
    type: 2}
  m_PrefabInternal: {fileID: 399834292}
  m_GameObject: {fileID: 212962393}
  m_Enabled: 1
  m_EditorHideFlags: 0
  m_Script: {fileID: -765806418, guid: f5f67c52d1564df4a8936ccd202a3bd8, type: 3}
  m_Name: 
  m_EditorClassIdentifier: 
  m_Material: {fileID: 0}
  m_Color: {r: 0, g: 0.8, b: 0.3764706, a: 1}
  m_RaycastTarget: 1
  m_OnCullStateChanged:
    m_PersistentCalls:
      m_Calls: []
    m_TypeName: UnityEngine.UI.MaskableGraphic+CullStateChangedEvent, UnityEngine.UI,
      Version=1.0.0.0, Culture=neutral, PublicKeyToken=null
  m_Sprite: {fileID: 21300000, guid: 7ed1238760b863f4aafde32ab3a6f28c, type: 3}
  m_Type: 1
  m_PreserveAspect: 0
  m_FillCenter: 1
  m_FillMethod: 4
  m_FillAmount: 1
  m_FillClockwise: 1
  m_FillOrigin: 0
--- !u!222 &212962396
CanvasRenderer:
  m_ObjectHideFlags: 0
  m_PrefabParentObject: {fileID: 22242940, guid: 6b9b2415f3faeeb468f94f7439fed488,
    type: 2}
  m_PrefabInternal: {fileID: 399834292}
  m_GameObject: {fileID: 212962393}
--- !u!1001 &399834292
Prefab:
  m_ObjectHideFlags: 0
  serializedVersion: 2
  m_Modification:
    m_TransformParent: {fileID: 0}
    m_Modifications:
    - target: {fileID: 22442934, guid: 6b9b2415f3faeeb468f94f7439fed488, type: 2}
      propertyPath: m_LocalPosition.x
      value: 0
      objectReference: {fileID: 0}
    - target: {fileID: 22442934, guid: 6b9b2415f3faeeb468f94f7439fed488, type: 2}
      propertyPath: m_LocalPosition.y
      value: 0
      objectReference: {fileID: 0}
    - target: {fileID: 22442934, guid: 6b9b2415f3faeeb468f94f7439fed488, type: 2}
      propertyPath: m_LocalPosition.z
      value: 0
      objectReference: {fileID: 0}
    - target: {fileID: 22442934, guid: 6b9b2415f3faeeb468f94f7439fed488, type: 2}
      propertyPath: m_LocalRotation.x
      value: 0
      objectReference: {fileID: 0}
    - target: {fileID: 22442934, guid: 6b9b2415f3faeeb468f94f7439fed488, type: 2}
      propertyPath: m_LocalRotation.y
      value: 0
      objectReference: {fileID: 0}
    - target: {fileID: 22442934, guid: 6b9b2415f3faeeb468f94f7439fed488, type: 2}
      propertyPath: m_LocalRotation.z
      value: 0
      objectReference: {fileID: 0}
    - target: {fileID: 22442934, guid: 6b9b2415f3faeeb468f94f7439fed488, type: 2}
      propertyPath: m_LocalRotation.w
      value: 1
      objectReference: {fileID: 0}
    - target: {fileID: 22442934, guid: 6b9b2415f3faeeb468f94f7439fed488, type: 2}
      propertyPath: m_RootOrder
      value: 0
      objectReference: {fileID: 0}
    - target: {fileID: 22442934, guid: 6b9b2415f3faeeb468f94f7439fed488, type: 2}
      propertyPath: m_AnchoredPosition.x
      value: 0
      objectReference: {fileID: 0}
    - target: {fileID: 22442934, guid: 6b9b2415f3faeeb468f94f7439fed488, type: 2}
      propertyPath: m_AnchoredPosition.y
      value: 0
      objectReference: {fileID: 0}
    - target: {fileID: 22442934, guid: 6b9b2415f3faeeb468f94f7439fed488, type: 2}
      propertyPath: m_SizeDelta.x
      value: 0
      objectReference: {fileID: 0}
    - target: {fileID: 22442934, guid: 6b9b2415f3faeeb468f94f7439fed488, type: 2}
      propertyPath: m_SizeDelta.y
      value: 0
      objectReference: {fileID: 0}
    - target: {fileID: 22442934, guid: 6b9b2415f3faeeb468f94f7439fed488, type: 2}
      propertyPath: m_AnchorMin.x
      value: 0
      objectReference: {fileID: 0}
    - target: {fileID: 22442934, guid: 6b9b2415f3faeeb468f94f7439fed488, type: 2}
      propertyPath: m_AnchorMin.y
      value: 0
      objectReference: {fileID: 0}
    - target: {fileID: 22442934, guid: 6b9b2415f3faeeb468f94f7439fed488, type: 2}
      propertyPath: m_AnchorMax.x
      value: 0
      objectReference: {fileID: 0}
    - target: {fileID: 22442934, guid: 6b9b2415f3faeeb468f94f7439fed488, type: 2}
      propertyPath: m_AnchorMax.y
      value: 0
      objectReference: {fileID: 0}
    - target: {fileID: 22442934, guid: 6b9b2415f3faeeb468f94f7439fed488, type: 2}
      propertyPath: m_Pivot.x
      value: 0
      objectReference: {fileID: 0}
    - target: {fileID: 22442934, guid: 6b9b2415f3faeeb468f94f7439fed488, type: 2}
      propertyPath: m_Pivot.y
      value: 0
      objectReference: {fileID: 0}
    m_RemovedComponents: []
  m_ParentPrefab: {fileID: 100100000, guid: 6b9b2415f3faeeb468f94f7439fed488, type: 2}
  m_RootGameObject: {fileID: 35265107}
  m_IsPrefabParent: 0
--- !u!1 &410649276
GameObject:
  m_ObjectHideFlags: 0
  m_PrefabParentObject: {fileID: 142960, guid: 6b9b2415f3faeeb468f94f7439fed488, type: 2}
  m_PrefabInternal: {fileID: 399834292}
  serializedVersion: 5
  m_Component:
  - component: {fileID: 410649277}
  - component: {fileID: 410649279}
  - component: {fileID: 410649278}
  m_Layer: 5
  m_Name: Blocks
  m_TagString: Untagged
  m_Icon: {fileID: 0}
  m_NavMeshLayer: 0
  m_StaticEditorFlags: 0
  m_IsActive: 1
--- !u!224 &410649277
RectTransform:
  m_ObjectHideFlags: 0
  m_PrefabParentObject: {fileID: 22442960, guid: 6b9b2415f3faeeb468f94f7439fed488,
    type: 2}
  m_PrefabInternal: {fileID: 399834292}
  m_GameObject: {fileID: 410649276}
  m_LocalRotation: {x: 0, y: 0, z: 0, w: 1}
  m_LocalPosition: {x: 0, y: 0, z: 0}
  m_LocalScale: {x: 1, y: 1, z: 1}
  m_Children: []
  m_Father: {fileID: 2114914017}
  m_RootOrder: 3
  m_LocalEulerAnglesHint: {x: 0, y: 0, z: 0}
  m_AnchorMin: {x: 0.5, y: 0.5}
  m_AnchorMax: {x: 0.5, y: 0.5}
  m_AnchoredPosition: {x: 191, y: -924}
  m_SizeDelta: {x: 384, y: 200}
  m_Pivot: {x: 0.5, y: 0.5}
--- !u!114 &410649278
MonoBehaviour:
  m_ObjectHideFlags: 0
  m_PrefabParentObject: {fileID: 11442960, guid: 6b9b2415f3faeeb468f94f7439fed488,
    type: 2}
  m_PrefabInternal: {fileID: 399834292}
  m_GameObject: {fileID: 410649276}
  m_Enabled: 1
  m_EditorHideFlags: 0
  m_Script: {fileID: -765806418, guid: f5f67c52d1564df4a8936ccd202a3bd8, type: 3}
  m_Name: 
  m_EditorClassIdentifier: 
  m_Material: {fileID: 0}
  m_Color: {r: 0.02745098, g: 0.4862745, b: 0.32941177, a: 1}
  m_RaycastTarget: 1
  m_OnCullStateChanged:
    m_PersistentCalls:
      m_Calls: []
    m_TypeName: UnityEngine.UI.MaskableGraphic+CullStateChangedEvent, UnityEngine.UI,
      Version=1.0.0.0, Culture=neutral, PublicKeyToken=null
  m_Sprite: {fileID: 21300000, guid: 7ed1238760b863f4aafde32ab3a6f28c, type: 3}
  m_Type: 1
  m_PreserveAspect: 0
  m_FillCenter: 1
  m_FillMethod: 4
  m_FillAmount: 1
  m_FillClockwise: 1
  m_FillOrigin: 0
--- !u!222 &410649279
CanvasRenderer:
  m_ObjectHideFlags: 0
  m_PrefabParentObject: {fileID: 22242960, guid: 6b9b2415f3faeeb468f94f7439fed488,
    type: 2}
  m_PrefabInternal: {fileID: 399834292}
  m_GameObject: {fileID: 410649276}
--- !u!1 &444414715
GameObject:
  m_ObjectHideFlags: 0
  m_PrefabParentObject: {fileID: 142944, guid: 6b9b2415f3faeeb468f94f7439fed488, type: 2}
  m_PrefabInternal: {fileID: 399834292}
  serializedVersion: 5
  m_Component:
  - component: {fileID: 444414716}
  - component: {fileID: 444414718}
  - component: {fileID: 444414717}
  m_Layer: 5
  m_Name: AppTitle
  m_TagString: Untagged
  m_Icon: {fileID: 0}
  m_NavMeshLayer: 0
  m_StaticEditorFlags: 0
  m_IsActive: 1
--- !u!224 &444414716
RectTransform:
  m_ObjectHideFlags: 0
  m_PrefabParentObject: {fileID: 22442944, guid: 6b9b2415f3faeeb468f94f7439fed488,
    type: 2}
  m_PrefabInternal: {fileID: 399834292}
  m_GameObject: {fileID: 444414715}
  m_LocalRotation: {x: 0, y: 0, z: 0, w: 1}
  m_LocalPosition: {x: 0, y: 0, z: 0}
  m_LocalScale: {x: 1, y: 1, z: 1}
  m_Children: []
  m_Father: {fileID: 1608382675}
  m_RootOrder: 0
  m_LocalEulerAnglesHint: {x: 0, y: 0, z: 0}
  m_AnchorMin: {x: 0.5, y: 0.5}
  m_AnchorMax: {x: 0.5, y: 0.5}
  m_AnchoredPosition: {x: -36.5, y: -88}
  m_SizeDelta: {x: 695, y: 67}
  m_Pivot: {x: 0.5, y: 0.5}
--- !u!114 &444414717
MonoBehaviour:
  m_ObjectHideFlags: 0
  m_PrefabParentObject: {fileID: 11442942, guid: 6b9b2415f3faeeb468f94f7439fed488,
    type: 2}
  m_PrefabInternal: {fileID: 399834292}
  m_GameObject: {fileID: 444414715}
  m_Enabled: 1
  m_EditorHideFlags: 0
  m_Script: {fileID: 708705254, guid: f5f67c52d1564df4a8936ccd202a3bd8, type: 3}
  m_Name: 
  m_EditorClassIdentifier: 
  m_Material: {fileID: 0}
  m_Color: {r: 0.85490197, g: 0.85490197, b: 0.85490197, a: 1}
  m_RaycastTarget: 1
  m_OnCullStateChanged:
    m_PersistentCalls:
      m_Calls: []
    m_TypeName: UnityEngine.UI.MaskableGraphic+CullStateChangedEvent, UnityEngine.UI,
      Version=1.0.0.0, Culture=neutral, PublicKeyToken=null
  m_FontData:
    m_Font: {fileID: 12800000, guid: 218956a5c2a6e42d6a60afccf80b002b, type: 3}
    m_FontSize: 40
    m_FontStyle: 0
    m_BestFit: 0
    m_MinSize: 10
    m_MaxSize: 40
    m_Alignment: 0
    m_AlignByGeometry: 0
    m_RichText: 1
    m_HorizontalOverflow: 0
    m_VerticalOverflow: 1
    m_LineSpacing: 1
  m_Text: APP SAMPLE TABLET
--- !u!222 &444414718
CanvasRenderer:
  m_ObjectHideFlags: 0
  m_PrefabParentObject: {fileID: 22242944, guid: 6b9b2415f3faeeb468f94f7439fed488,
    type: 2}
  m_PrefabInternal: {fileID: 399834292}
  m_GameObject: {fileID: 444414715}
--- !u!1 &453766572
GameObject:
  m_ObjectHideFlags: 0
  m_PrefabParentObject: {fileID: 142972, guid: 6b9b2415f3faeeb468f94f7439fed488, type: 2}
  m_PrefabInternal: {fileID: 399834292}
  serializedVersion: 5
  m_Component:
  - component: {fileID: 453766573}
  - component: {fileID: 453766575}
  - component: {fileID: 453766574}
  m_Layer: 5
  m_Name: Blocks
  m_TagString: Untagged
  m_Icon: {fileID: 0}
  m_NavMeshLayer: 0
  m_StaticEditorFlags: 0
  m_IsActive: 1
--- !u!224 &453766573
RectTransform:
  m_ObjectHideFlags: 0
  m_PrefabParentObject: {fileID: 22442972, guid: 6b9b2415f3faeeb468f94f7439fed488,
    type: 2}
  m_PrefabInternal: {fileID: 399834292}
  m_GameObject: {fileID: 453766572}
  m_LocalRotation: {x: 0, y: 0, z: 0, w: 1}
  m_LocalPosition: {x: 0, y: 0, z: 0}
  m_LocalScale: {x: 1, y: 1, z: 1}
  m_Children: []
  m_Father: {fileID: 2114914017}
  m_RootOrder: 13
  m_LocalEulerAnglesHint: {x: 0, y: 0, z: 0}
  m_AnchorMin: {x: 0.5, y: 0.5}
  m_AnchorMax: {x: 0.5, y: 0.5}
  m_AnchoredPosition: {x: -193, y: -66}
  m_SizeDelta: {x: 384, y: 200}
  m_Pivot: {x: 0.5, y: 0.5}
--- !u!114 &453766574
MonoBehaviour:
  m_ObjectHideFlags: 0
  m_PrefabParentObject: {fileID: 11442972, guid: 6b9b2415f3faeeb468f94f7439fed488,
    type: 2}
  m_PrefabInternal: {fileID: 399834292}
  m_GameObject: {fileID: 453766572}
  m_Enabled: 1
  m_EditorHideFlags: 0
  m_Script: {fileID: -765806418, guid: f5f67c52d1564df4a8936ccd202a3bd8, type: 3}
  m_Name: 
  m_EditorClassIdentifier: 
  m_Material: {fileID: 0}
  m_Color: {r: 0, g: 0.54901963, b: 0.3372549, a: 1}
  m_RaycastTarget: 1
  m_OnCullStateChanged:
    m_PersistentCalls:
      m_Calls: []
    m_TypeName: UnityEngine.UI.MaskableGraphic+CullStateChangedEvent, UnityEngine.UI,
      Version=1.0.0.0, Culture=neutral, PublicKeyToken=null
  m_Sprite: {fileID: 21300000, guid: 7ed1238760b863f4aafde32ab3a6f28c, type: 3}
  m_Type: 1
  m_PreserveAspect: 0
  m_FillCenter: 1
  m_FillMethod: 4
  m_FillAmount: 1
  m_FillClockwise: 1
  m_FillOrigin: 0
--- !u!222 &453766575
CanvasRenderer:
  m_ObjectHideFlags: 0
  m_PrefabParentObject: {fileID: 22242972, guid: 6b9b2415f3faeeb468f94f7439fed488,
    type: 2}
  m_PrefabInternal: {fileID: 399834292}
  m_GameObject: {fileID: 453766572}
--- !u!1 &460551749
GameObject:
  m_ObjectHideFlags: 0
  m_PrefabParentObject: {fileID: 142950, guid: 6b9b2415f3faeeb468f94f7439fed488, type: 2}
  m_PrefabInternal: {fileID: 399834292}
  serializedVersion: 5
  m_Component:
  - component: {fileID: 460551750}
  - component: {fileID: 460551752}
  - component: {fileID: 460551751}
  m_Layer: 5
  m_Name: Blocks
  m_TagString: Untagged
  m_Icon: {fileID: 0}
  m_NavMeshLayer: 0
  m_StaticEditorFlags: 0
  m_IsActive: 1
--- !u!224 &460551750
RectTransform:
  m_ObjectHideFlags: 0
  m_PrefabParentObject: {fileID: 22442950, guid: 6b9b2415f3faeeb468f94f7439fed488,
    type: 2}
  m_PrefabInternal: {fileID: 399834292}
  m_GameObject: {fileID: 460551749}
  m_LocalRotation: {x: 0, y: 0, z: 0, w: 1}
  m_LocalPosition: {x: 0, y: 0, z: 0}
  m_LocalScale: {x: 1, y: 1, z: 1}
  m_Children: []
  m_Father: {fileID: 2114914017}
  m_RootOrder: 10
  m_LocalEulerAnglesHint: {x: 0, y: 0, z: 0}
  m_AnchorMin: {x: 0.5, y: 0.5}
  m_AnchorMax: {x: 0.5, y: 0.5}
  m_AnchoredPosition: {x: 192, y: 76}
  m_SizeDelta: {x: 384, y: 200}
  m_Pivot: {x: 0.5, y: 0.5}
--- !u!114 &460551751
MonoBehaviour:
  m_ObjectHideFlags: 0
  m_PrefabParentObject: {fileID: 11442950, guid: 6b9b2415f3faeeb468f94f7439fed488,
    type: 2}
  m_PrefabInternal: {fileID: 399834292}
  m_GameObject: {fileID: 460551749}
  m_Enabled: 1
  m_EditorHideFlags: 0
  m_Script: {fileID: -765806418, guid: f5f67c52d1564df4a8936ccd202a3bd8, type: 3}
  m_Name: 
  m_EditorClassIdentifier: 
  m_Material: {fileID: 0}
  m_Color: {r: 0, g: 0.8666667, b: 0.38431373, a: 1}
  m_RaycastTarget: 1
  m_OnCullStateChanged:
    m_PersistentCalls:
      m_Calls: []
    m_TypeName: UnityEngine.UI.MaskableGraphic+CullStateChangedEvent, UnityEngine.UI,
      Version=1.0.0.0, Culture=neutral, PublicKeyToken=null
  m_Sprite: {fileID: 21300000, guid: 7ed1238760b863f4aafde32ab3a6f28c, type: 3}
  m_Type: 1
  m_PreserveAspect: 0
  m_FillCenter: 1
  m_FillMethod: 4
  m_FillAmount: 1
  m_FillClockwise: 1
  m_FillOrigin: 0
--- !u!222 &460551752
CanvasRenderer:
  m_ObjectHideFlags: 0
  m_PrefabParentObject: {fileID: 22242950, guid: 6b9b2415f3faeeb468f94f7439fed488,
    type: 2}
  m_PrefabInternal: {fileID: 399834292}
  m_GameObject: {fileID: 460551749}
--- !u!1 &644514902
GameObject:
  m_ObjectHideFlags: 0
  m_PrefabParentObject: {fileID: 142938, guid: 6b9b2415f3faeeb468f94f7439fed488, type: 2}
  m_PrefabInternal: {fileID: 399834292}
  serializedVersion: 5
  m_Component:
  - component: {fileID: 644514903}
  - component: {fileID: 644514905}
  - component: {fileID: 644514904}
  m_Layer: 5
  m_Name: Blocks
  m_TagString: Untagged
  m_Icon: {fileID: 0}
  m_NavMeshLayer: 0
  m_StaticEditorFlags: 0
  m_IsActive: 1
--- !u!224 &644514903
RectTransform:
  m_ObjectHideFlags: 0
  m_PrefabParentObject: {fileID: 22442938, guid: 6b9b2415f3faeeb468f94f7439fed488,
    type: 2}
  m_PrefabInternal: {fileID: 399834292}
  m_GameObject: {fileID: 644514902}
  m_LocalRotation: {x: 0, y: 0, z: 0, w: 1}
  m_LocalPosition: {x: 0, y: 0, z: 0}
  m_LocalScale: {x: 1, y: 1, z: 1}
  m_Children: []
  m_Father: {fileID: 2114914017}
  m_RootOrder: 5
  m_LocalEulerAnglesHint: {x: 0, y: 0, z: 0}
  m_AnchorMin: {x: 0.5, y: 0.5}
  m_AnchorMax: {x: 0.5, y: 0.5}
  m_AnchoredPosition: {x: 192, y: -723.9999}
  m_SizeDelta: {x: 384, y: 200}
  m_Pivot: {x: 0.5, y: 0.5}
--- !u!114 &644514904
MonoBehaviour:
  m_ObjectHideFlags: 0
  m_PrefabParentObject: {fileID: 11442936, guid: 6b9b2415f3faeeb468f94f7439fed488,
    type: 2}
  m_PrefabInternal: {fileID: 399834292}
  m_GameObject: {fileID: 644514902}
  m_Enabled: 1
  m_EditorHideFlags: 0
  m_Script: {fileID: -765806418, guid: f5f67c52d1564df4a8936ccd202a3bd8, type: 3}
  m_Name: 
  m_EditorClassIdentifier: 
  m_Material: {fileID: 0}
  m_Color: {r: 0, g: 0.54901963, b: 0.3372549, a: 1}
  m_RaycastTarget: 1
  m_OnCullStateChanged:
    m_PersistentCalls:
      m_Calls: []
    m_TypeName: UnityEngine.UI.MaskableGraphic+CullStateChangedEvent, UnityEngine.UI,
      Version=1.0.0.0, Culture=neutral, PublicKeyToken=null
  m_Sprite: {fileID: 21300000, guid: 7ed1238760b863f4aafde32ab3a6f28c, type: 3}
  m_Type: 1
  m_PreserveAspect: 0
  m_FillCenter: 1
  m_FillMethod: 4
  m_FillAmount: 1
  m_FillClockwise: 1
  m_FillOrigin: 0
--- !u!222 &644514905
CanvasRenderer:
  m_ObjectHideFlags: 0
  m_PrefabParentObject: {fileID: 22242938, guid: 6b9b2415f3faeeb468f94f7439fed488,
    type: 2}
  m_PrefabInternal: {fileID: 399834292}
  m_GameObject: {fileID: 644514902}
--- !u!1 &649664390
GameObject:
  m_ObjectHideFlags: 0
  m_PrefabParentObject: {fileID: 142970, guid: 6b9b2415f3faeeb468f94f7439fed488, type: 2}
  m_PrefabInternal: {fileID: 399834292}
  serializedVersion: 5
  m_Component:
  - component: {fileID: 649664391}
  - component: {fileID: 649664393}
  - component: {fileID: 649664392}
  m_Layer: 5
  m_Name: Blocks
  m_TagString: Untagged
  m_Icon: {fileID: 0}
  m_NavMeshLayer: 0
  m_StaticEditorFlags: 0
  m_IsActive: 1
--- !u!224 &649664391
RectTransform:
  m_ObjectHideFlags: 0
  m_PrefabParentObject: {fileID: 22442970, guid: 6b9b2415f3faeeb468f94f7439fed488,
    type: 2}
  m_PrefabInternal: {fileID: 399834292}
  m_GameObject: {fileID: 649664390}
  m_LocalRotation: {x: 0, y: 0, z: 0, w: 1}
  m_LocalPosition: {x: 0, y: 0, z: 0}
  m_LocalScale: {x: 1, y: 1, z: 1}
  m_Children: []
  m_Father: {fileID: 2114914017}
  m_RootOrder: 4
  m_LocalEulerAnglesHint: {x: 0, y: 0, z: 0}
  m_AnchorMin: {x: 0.5, y: 0.5}
  m_AnchorMax: {x: 0.5, y: 0.5}
  m_AnchoredPosition: {x: 575, y: -924}
  m_SizeDelta: {x: 384, y: 200}
  m_Pivot: {x: 0.5, y: 0.5}
--- !u!114 &649664392
MonoBehaviour:
  m_ObjectHideFlags: 0
  m_PrefabParentObject: {fileID: 11442970, guid: 6b9b2415f3faeeb468f94f7439fed488,
    type: 2}
  m_PrefabInternal: {fileID: 399834292}
  m_GameObject: {fileID: 649664390}
  m_Enabled: 1
  m_EditorHideFlags: 0
  m_Script: {fileID: -765806418, guid: f5f67c52d1564df4a8936ccd202a3bd8, type: 3}
  m_Name: 
  m_EditorClassIdentifier: 
  m_Material: {fileID: 0}
  m_Color: {r: 0.19215687, g: 0.42745098, b: 0.32156864, a: 1}
  m_RaycastTarget: 1
  m_OnCullStateChanged:
    m_PersistentCalls:
      m_Calls: []
    m_TypeName: UnityEngine.UI.MaskableGraphic+CullStateChangedEvent, UnityEngine.UI,
      Version=1.0.0.0, Culture=neutral, PublicKeyToken=null
  m_Sprite: {fileID: 21300000, guid: 7ed1238760b863f4aafde32ab3a6f28c, type: 3}
  m_Type: 1
  m_PreserveAspect: 0
  m_FillCenter: 1
  m_FillMethod: 4
  m_FillAmount: 1
  m_FillClockwise: 1
  m_FillOrigin: 0
--- !u!222 &649664393
CanvasRenderer:
  m_ObjectHideFlags: 0
  m_PrefabParentObject: {fileID: 22242970, guid: 6b9b2415f3faeeb468f94f7439fed488,
    type: 2}
  m_PrefabInternal: {fileID: 399834292}
  m_GameObject: {fileID: 649664390}
--- !u!1 &721018367
GameObject:
  m_ObjectHideFlags: 0
  m_PrefabParentObject: {fileID: 142936, guid: 6b9b2415f3faeeb468f94f7439fed488, type: 2}
  m_PrefabInternal: {fileID: 399834292}
  serializedVersion: 5
  m_Component:
  - component: {fileID: 721018368}
  - component: {fileID: 721018370}
  - component: {fileID: 721018369}
  m_Layer: 5
  m_Name: Blocks
  m_TagString: Untagged
  m_Icon: {fileID: 0}
  m_NavMeshLayer: 0
  m_StaticEditorFlags: 0
  m_IsActive: 1
--- !u!224 &721018368
RectTransform:
  m_ObjectHideFlags: 0
  m_PrefabParentObject: {fileID: 22442936, guid: 6b9b2415f3faeeb468f94f7439fed488,
    type: 2}
  m_PrefabInternal: {fileID: 399834292}
  m_GameObject: {fileID: 721018367}
  m_LocalRotation: {x: 0, y: 0, z: 0, w: 1}
  m_LocalPosition: {x: 0, y: 0, z: 0}
  m_LocalScale: {x: 1, y: 1, z: 1}
  m_Children: []
  m_Father: {fileID: 2114914017}
  m_RootOrder: 2
  m_LocalEulerAnglesHint: {x: 0, y: 0, z: 0}
  m_AnchorMin: {x: 0.5, y: 0.5}
  m_AnchorMax: {x: 0.5, y: 0.5}
  m_AnchoredPosition: {x: -191.99998, y: -924}
  m_SizeDelta: {x: 384, y: 200}
  m_Pivot: {x: 0.5, y: 0.5}
--- !u!114 &721018369
MonoBehaviour:
  m_ObjectHideFlags: 0
  m_PrefabParentObject: {fileID: 11442934, guid: 6b9b2415f3faeeb468f94f7439fed488,
    type: 2}
  m_PrefabInternal: {fileID: 399834292}
  m_GameObject: {fileID: 721018367}
  m_Enabled: 1
  m_EditorHideFlags: 0
  m_Script: {fileID: -765806418, guid: f5f67c52d1564df4a8936ccd202a3bd8, type: 3}
  m_Name: 
  m_EditorClassIdentifier: 
  m_Material: {fileID: 0}
  m_Color: {r: 0.19215687, g: 0.42745098, b: 0.32156864, a: 1}
  m_RaycastTarget: 1
  m_OnCullStateChanged:
    m_PersistentCalls:
      m_Calls: []
    m_TypeName: UnityEngine.UI.MaskableGraphic+CullStateChangedEvent, UnityEngine.UI,
      Version=1.0.0.0, Culture=neutral, PublicKeyToken=null
  m_Sprite: {fileID: 21300000, guid: 7ed1238760b863f4aafde32ab3a6f28c, type: 3}
  m_Type: 1
  m_PreserveAspect: 0
  m_FillCenter: 1
  m_FillMethod: 4
  m_FillAmount: 1
  m_FillClockwise: 1
  m_FillOrigin: 0
--- !u!222 &721018370
CanvasRenderer:
  m_ObjectHideFlags: 0
  m_PrefabParentObject: {fileID: 22242936, guid: 6b9b2415f3faeeb468f94f7439fed488,
    type: 2}
  m_PrefabInternal: {fileID: 399834292}
  m_GameObject: {fileID: 721018367}
--- !u!1 &908627323
GameObject:
  m_ObjectHideFlags: 0
  m_PrefabParentObject: {fileID: 142932, guid: 6b9b2415f3faeeb468f94f7439fed488, type: 2}
  m_PrefabInternal: {fileID: 399834292}
  serializedVersion: 5
  m_Component:
  - component: {fileID: 908627324}
  - component: {fileID: 908627326}
  - component: {fileID: 908627325}
  m_Layer: 5
  m_Name: Wave
  m_TagString: Untagged
  m_Icon: {fileID: 0}
  m_NavMeshLayer: 0
  m_StaticEditorFlags: 0
  m_IsActive: 1
--- !u!224 &908627324
RectTransform:
  m_ObjectHideFlags: 0
  m_PrefabParentObject: {fileID: 22442932, guid: 6b9b2415f3faeeb468f94f7439fed488,
    type: 2}
  m_PrefabInternal: {fileID: 399834292}
  m_GameObject: {fileID: 908627323}
  m_LocalRotation: {x: 0, y: 0, z: 0, w: 1}
  m_LocalPosition: {x: 0, y: 0, z: 0}
  m_LocalScale: {x: 1, y: 1, z: 1}
  m_Children: []
  m_Father: {fileID: 2114914017}
  m_RootOrder: 0
  m_LocalEulerAnglesHint: {x: 0, y: 0, z: 0}
  m_AnchorMin: {x: 0.5, y: 0.5}
  m_AnchorMax: {x: 0.5, y: 0.5}
  m_AnchoredPosition: {x: -192, y: 197}
  m_SizeDelta: {x: 384, y: 1642}
  m_Pivot: {x: 0.5, y: 0.5}
--- !u!114 &908627325
MonoBehaviour:
  m_ObjectHideFlags: 0
  m_PrefabParentObject: {fileID: 11442928, guid: 6b9b2415f3faeeb468f94f7439fed488,
    type: 2}
  m_PrefabInternal: {fileID: 399834292}
  m_GameObject: {fileID: 908627323}
  m_Enabled: 1
  m_EditorHideFlags: 0
  m_Script: {fileID: -765806418, guid: f5f67c52d1564df4a8936ccd202a3bd8, type: 3}
  m_Name: 
  m_EditorClassIdentifier: 
  m_Material: {fileID: 0}
  m_Color: {r: 0.43382353, g: 0.43382353, b: 0.43382353, a: 0.5372549}
  m_RaycastTarget: 1
  m_OnCullStateChanged:
    m_PersistentCalls:
      m_Calls: []
    m_TypeName: UnityEngine.UI.MaskableGraphic+CullStateChangedEvent, UnityEngine.UI,
      Version=1.0.0.0, Culture=neutral, PublicKeyToken=null
  m_Sprite: {fileID: 21300000, guid: 7ed1238760b863f4aafde32ab3a6f28c, type: 3}
  m_Type: 1
  m_PreserveAspect: 0
  m_FillCenter: 1
  m_FillMethod: 4
  m_FillAmount: 1
  m_FillClockwise: 1
  m_FillOrigin: 0
--- !u!222 &908627326
CanvasRenderer:
  m_ObjectHideFlags: 0
  m_PrefabParentObject: {fileID: 22242934, guid: 6b9b2415f3faeeb468f94f7439fed488,
    type: 2}
  m_PrefabInternal: {fileID: 399834292}
  m_GameObject: {fileID: 908627323}
--- !u!1 &1033062636
GameObject:
  m_ObjectHideFlags: 0
  m_PrefabParentObject: {fileID: 0}
  m_PrefabInternal: {fileID: 0}
  serializedVersion: 5
  m_Component:
  - component: {fileID: 1033062637}
  m_Layer: 0
  m_Name: __REAL_PIXELS_1536x2048
  m_TagString: Untagged
  m_Icon: {fileID: 0}
  m_NavMeshLayer: 0
  m_StaticEditorFlags: 0
  m_IsActive: 1
--- !u!4 &1033062637
Transform:
  m_ObjectHideFlags: 0
  m_PrefabParentObject: {fileID: 0}
  m_PrefabInternal: {fileID: 0}
  m_GameObject: {fileID: 1033062636}
  m_LocalRotation: {x: 0, y: 0, z: 0, w: 1}
  m_LocalPosition: {x: 494.995, y: 627.74, z: 0}
  m_LocalScale: {x: 1, y: 1, z: 1}
  m_Children: []
  m_Father: {fileID: 0}
  m_RootOrder: 3
  m_LocalEulerAnglesHint: {x: 0, y: 0, z: 0}
--- !u!1 &1225899615
GameObject:
  m_ObjectHideFlags: 0
  m_PrefabParentObject: {fileID: 142966, guid: 6b9b2415f3faeeb468f94f7439fed488, type: 2}
  m_PrefabInternal: {fileID: 399834292}
  serializedVersion: 5
  m_Component:
  - component: {fileID: 1225899616}
  - component: {fileID: 1225899618}
  - component: {fileID: 1225899617}
  m_Layer: 5
  m_Name: TopInfoBar
  m_TagString: Untagged
  m_Icon: {fileID: 0}
  m_NavMeshLayer: 0
  m_StaticEditorFlags: 0
  m_IsActive: 1
--- !u!224 &1225899616
RectTransform:
  m_ObjectHideFlags: 0
  m_PrefabParentObject: {fileID: 22442966, guid: 6b9b2415f3faeeb468f94f7439fed488,
    type: 2}
  m_PrefabInternal: {fileID: 399834292}
  m_GameObject: {fileID: 1225899615}
  m_LocalRotation: {x: 0, y: 0, z: 0, w: 1}
  m_LocalPosition: {x: 0, y: 0, z: 0}
  m_LocalScale: {x: 1, y: 1, z: 1}
  m_Children:
  - {fileID: 1902646613}
  - {fileID: 1806949724}
  m_Father: {fileID: 2114914017}
  m_RootOrder: 14
  m_LocalEulerAnglesHint: {x: 0, y: 0, z: 0}
  m_AnchorMin: {x: 0.5, y: 0.5}
  m_AnchorMax: {x: 0.5, y: 0.5}
  m_AnchoredPosition: {x: 0, y: 711}
  m_SizeDelta: {x: 1054, y: 300}
  m_Pivot: {x: 0.5, y: 0.5}
--- !u!114 &1225899617
MonoBehaviour:
  m_ObjectHideFlags: 0
  m_PrefabParentObject: {fileID: 11442966, guid: 6b9b2415f3faeeb468f94f7439fed488,
    type: 2}
  m_PrefabInternal: {fileID: 399834292}
  m_GameObject: {fileID: 1225899615}
  m_Enabled: 1
  m_EditorHideFlags: 0
  m_Script: {fileID: 708705254, guid: f5f67c52d1564df4a8936ccd202a3bd8, type: 3}
  m_Name: 
  m_EditorClassIdentifier: 
  m_Material: {fileID: 0}
  m_Color: {r: 0.9529412, g: 0.9019608, b: 0.76862746, a: 1}
  m_RaycastTarget: 1
  m_OnCullStateChanged:
    m_PersistentCalls:
      m_Calls: []
    m_TypeName: UnityEngine.UI.MaskableGraphic+CullStateChangedEvent, UnityEngine.UI,
      Version=1.0.0.0, Culture=neutral, PublicKeyToken=null
  m_FontData:
    m_Font: {fileID: 12800000, guid: 5c425d43bb0df45ca8eb162d5154251e, type: 3}
    m_FontSize: 120
    m_FontStyle: 0
    m_BestFit: 0
    m_MinSize: 10
    m_MaxSize: 120
    m_Alignment: 4
    m_AlignByGeometry: 0
    m_RichText: 1
    m_HorizontalOverflow: 0
    m_VerticalOverflow: 0
    m_LineSpacing: 1
  m_Text: SQUARES
--- !u!222 &1225899618
CanvasRenderer:
  m_ObjectHideFlags: 0
  m_PrefabParentObject: {fileID: 22242966, guid: 6b9b2415f3faeeb468f94f7439fed488,
    type: 2}
  m_PrefabInternal: {fileID: 399834292}
  m_GameObject: {fileID: 1225899615}
--- !u!1 &1489220802
GameObject:
  m_ObjectHideFlags: 0
  m_PrefabParentObject: {fileID: 142954, guid: 6b9b2415f3faeeb468f94f7439fed488, type: 2}
  m_PrefabInternal: {fileID: 399834292}
  serializedVersion: 5
  m_Component:
  - component: {fileID: 1489220803}
  - component: {fileID: 1489220805}
  - component: {fileID: 1489220804}
  m_Layer: 5
  m_Name: Blocks
  m_TagString: Untagged
  m_Icon: {fileID: 0}
  m_NavMeshLayer: 0
  m_StaticEditorFlags: 0
  m_IsActive: 1
--- !u!224 &1489220803
RectTransform:
  m_ObjectHideFlags: 0
  m_PrefabParentObject: {fileID: 22442954, guid: 6b9b2415f3faeeb468f94f7439fed488,
    type: 2}
  m_PrefabInternal: {fileID: 399834292}
  m_GameObject: {fileID: 1489220802}
  m_LocalRotation: {x: 0, y: 0, z: 0, w: 1}
  m_LocalPosition: {x: 0, y: 0, z: 0}
  m_LocalScale: {x: 1, y: 1, z: 1}
  m_Children: []
  m_Father: {fileID: 2114914017}
  m_RootOrder: 1
  m_LocalEulerAnglesHint: {x: 0, y: 0, z: 0}
  m_AnchorMin: {x: 0.5, y: 0.5}
  m_AnchorMax: {x: 0.5, y: 0.5}
  m_AnchoredPosition: {x: -576, y: -924}
  m_SizeDelta: {x: 384, y: 200}
  m_Pivot: {x: 0.5, y: 0.5}
--- !u!114 &1489220804
MonoBehaviour:
  m_ObjectHideFlags: 0
  m_PrefabParentObject: {fileID: 11442954, guid: 6b9b2415f3faeeb468f94f7439fed488,
    type: 2}
  m_PrefabInternal: {fileID: 399834292}
  m_GameObject: {fileID: 1489220802}
  m_Enabled: 1
  m_EditorHideFlags: 0
  m_Script: {fileID: -765806418, guid: f5f67c52d1564df4a8936ccd202a3bd8, type: 3}
  m_Name: 
  m_EditorClassIdentifier: 
  m_Material: {fileID: 0}
  m_Color: {r: 0.19215687, g: 0.42745098, b: 0.32156864, a: 1}
  m_RaycastTarget: 1
  m_OnCullStateChanged:
    m_PersistentCalls:
      m_Calls: []
    m_TypeName: UnityEngine.UI.MaskableGraphic+CullStateChangedEvent, UnityEngine.UI,
      Version=1.0.0.0, Culture=neutral, PublicKeyToken=null
  m_Sprite: {fileID: 21300000, guid: 7ed1238760b863f4aafde32ab3a6f28c, type: 3}
  m_Type: 1
  m_PreserveAspect: 0
  m_FillCenter: 1
  m_FillMethod: 4
  m_FillAmount: 1
  m_FillClockwise: 1
  m_FillOrigin: 0
--- !u!222 &1489220805
CanvasRenderer:
  m_ObjectHideFlags: 0
  m_PrefabParentObject: {fileID: 22242954, guid: 6b9b2415f3faeeb468f94f7439fed488,
    type: 2}
  m_PrefabInternal: {fileID: 399834292}
  m_GameObject: {fileID: 1489220802}
--- !u!1 &1500371475
GameObject:
  m_ObjectHideFlags: 0
  m_PrefabParentObject: {fileID: 0}
  m_PrefabInternal: {fileID: 0}
  serializedVersion: 5
  m_Component:
  - component: {fileID: 1500371479}
  - component: {fileID: 1500371478}
  - component: {fileID: 1500371477}
  - component: {fileID: 1500371476}
  m_Layer: 0
  m_Name: EventSystem
  m_TagString: Untagged
  m_Icon: {fileID: 0}
  m_NavMeshLayer: 0
  m_StaticEditorFlags: 0
  m_IsActive: 1
--- !u!114 &1500371476
MonoBehaviour:
  m_ObjectHideFlags: 0
  m_PrefabParentObject: {fileID: 0}
  m_PrefabInternal: {fileID: 0}
  m_GameObject: {fileID: 1500371475}
  m_Enabled: 1
  m_EditorHideFlags: 0
  m_Script: {fileID: 1997211142, guid: f5f67c52d1564df4a8936ccd202a3bd8, type: 3}
  m_Name: 
  m_EditorClassIdentifier: 
  m_ForceModuleActive: 0
--- !u!114 &1500371477
MonoBehaviour:
  m_ObjectHideFlags: 0
  m_PrefabParentObject: {fileID: 0}
  m_PrefabInternal: {fileID: 0}
  m_GameObject: {fileID: 1500371475}
  m_Enabled: 1
  m_EditorHideFlags: 0
  m_Script: {fileID: 1077351063, guid: f5f67c52d1564df4a8936ccd202a3bd8, type: 3}
  m_Name: 
  m_EditorClassIdentifier: 
  m_HorizontalAxis: Horizontal
  m_VerticalAxis: Vertical
  m_SubmitButton: Submit
  m_CancelButton: Cancel
  m_InputActionsPerSecond: 10
  m_RepeatDelay: 0.5
  m_ForceModuleActive: 0
--- !u!114 &1500371478
MonoBehaviour:
  m_ObjectHideFlags: 0
  m_PrefabParentObject: {fileID: 0}
  m_PrefabInternal: {fileID: 0}
  m_GameObject: {fileID: 1500371475}
  m_Enabled: 1
  m_EditorHideFlags: 0
  m_Script: {fileID: -619905303, guid: f5f67c52d1564df4a8936ccd202a3bd8, type: 3}
  m_Name: 
  m_EditorClassIdentifier: 
  m_FirstSelected: {fileID: 0}
  m_sendNavigationEvents: 1
  m_DragThreshold: 5
--- !u!4 &1500371479
Transform:
  m_ObjectHideFlags: 0
  m_PrefabParentObject: {fileID: 0}
  m_PrefabInternal: {fileID: 0}
  m_GameObject: {fileID: 1500371475}
  m_LocalRotation: {x: 0, y: 0, z: 0, w: 1}
  m_LocalPosition: {x: 0, y: 0, z: 0}
  m_LocalScale: {x: 1, y: 1, z: 1}
  m_Children: []
  m_Father: {fileID: 0}
  m_RootOrder: 1
  m_LocalEulerAnglesHint: {x: 0, y: 0, z: 0}
--- !u!1 &1511305452
GameObject:
  m_ObjectHideFlags: 0
  m_PrefabParentObject: {fileID: 0}
  m_PrefabInternal: {fileID: 0}
  serializedVersion: 5
  m_Component:
  - component: {fileID: 1511305453}
  m_Layer: 0
  m_Name: __SET_YOUR_GAMESCREEN_TO_768x1024
  m_TagString: Untagged
  m_Icon: {fileID: 0}
  m_NavMeshLayer: 0
  m_StaticEditorFlags: 0
  m_IsActive: 1
--- !u!4 &1511305453
Transform:
  m_ObjectHideFlags: 0
  m_PrefabParentObject: {fileID: 0}
  m_PrefabInternal: {fileID: 0}
  m_GameObject: {fileID: 1511305452}
  m_LocalRotation: {x: 0, y: 0, z: 0, w: 1}
  m_LocalPosition: {x: 494.995, y: 627.74, z: 0}
  m_LocalScale: {x: 1, y: 1, z: 1}
  m_Children: []
  m_Father: {fileID: 0}
  m_RootOrder: 2
  m_LocalEulerAnglesHint: {x: 0, y: 0, z: 0}
--- !u!1 &1599184394
GameObject:
  m_ObjectHideFlags: 0
  m_PrefabParentObject: {fileID: 142958, guid: 6b9b2415f3faeeb468f94f7439fed488, type: 2}
  m_PrefabInternal: {fileID: 399834292}
  serializedVersion: 5
  m_Component:
  - component: {fileID: 1599184395}
  - component: {fileID: 1599184397}
  - component: {fileID: 1599184396}
  m_Layer: 5
  m_Name: Blocks
  m_TagString: Untagged
  m_Icon: {fileID: 0}
  m_NavMeshLayer: 0
  m_StaticEditorFlags: 0
  m_IsActive: 1
--- !u!224 &1599184395
RectTransform:
  m_ObjectHideFlags: 0
  m_PrefabParentObject: {fileID: 22442958, guid: 6b9b2415f3faeeb468f94f7439fed488,
    type: 2}
  m_PrefabInternal: {fileID: 399834292}
  m_GameObject: {fileID: 1599184394}
  m_LocalRotation: {x: 0, y: 0, z: 0, w: 1}
  m_LocalPosition: {x: 0, y: 0, z: 0}
  m_LocalScale: {x: 1, y: 1, z: 1}
  m_Children: []
  m_Father: {fileID: 2114914017}
  m_RootOrder: 9
  m_LocalEulerAnglesHint: {x: 0, y: 0, z: 0}
  m_AnchorMin: {x: 0.5, y: 0.5}
  m_AnchorMax: {x: 0.5, y: 0.5}
  m_AnchoredPosition: {x: -576, y: -724}
  m_SizeDelta: {x: 384, y: 200}
  m_Pivot: {x: 0.5, y: 0.5}
--- !u!114 &1599184396
MonoBehaviour:
  m_ObjectHideFlags: 0
  m_PrefabParentObject: {fileID: 11442958, guid: 6b9b2415f3faeeb468f94f7439fed488,
    type: 2}
  m_PrefabInternal: {fileID: 399834292}
  m_GameObject: {fileID: 1599184394}
  m_Enabled: 1
  m_EditorHideFlags: 0
  m_Script: {fileID: -765806418, guid: f5f67c52d1564df4a8936ccd202a3bd8, type: 3}
  m_Name: 
  m_EditorClassIdentifier: 
  m_Material: {fileID: 0}
  m_Color: {r: 0, g: 0.6784314, b: 0.36078432, a: 1}
  m_RaycastTarget: 1
  m_OnCullStateChanged:
    m_PersistentCalls:
      m_Calls: []
    m_TypeName: UnityEngine.UI.MaskableGraphic+CullStateChangedEvent, UnityEngine.UI,
      Version=1.0.0.0, Culture=neutral, PublicKeyToken=null
  m_Sprite: {fileID: 21300000, guid: 7ed1238760b863f4aafde32ab3a6f28c, type: 3}
  m_Type: 1
  m_PreserveAspect: 0
  m_FillCenter: 1
  m_FillMethod: 4
  m_FillAmount: 1
  m_FillClockwise: 1
  m_FillOrigin: 0
--- !u!222 &1599184397
CanvasRenderer:
  m_ObjectHideFlags: 0
  m_PrefabParentObject: {fileID: 22242958, guid: 6b9b2415f3faeeb468f94f7439fed488,
    type: 2}
  m_PrefabInternal: {fileID: 399834292}
  m_GameObject: {fileID: 1599184394}
--- !u!1 &1607784614
GameObject:
  m_ObjectHideFlags: 0
  m_PrefabParentObject: {fileID: 142964, guid: 6b9b2415f3faeeb468f94f7439fed488, type: 2}
  m_PrefabInternal: {fileID: 399834292}
  serializedVersion: 5
  m_Component:
  - component: {fileID: 1607784615}
  - component: {fileID: 1607784617}
  - component: {fileID: 1607784616}
  m_Layer: 5
  m_Name: Blocks
  m_TagString: Untagged
  m_Icon: {fileID: 0}
  m_NavMeshLayer: 0
  m_StaticEditorFlags: 0
  m_IsActive: 1
--- !u!224 &1607784615
RectTransform:
  m_ObjectHideFlags: 0
  m_PrefabParentObject: {fileID: 22442964, guid: 6b9b2415f3faeeb468f94f7439fed488,
    type: 2}
  m_PrefabInternal: {fileID: 399834292}
  m_GameObject: {fileID: 1607784614}
  m_LocalRotation: {x: 0, y: 0, z: 0, w: 1}
  m_LocalPosition: {x: 0, y: 0, z: 0}
  m_LocalScale: {x: 1, y: 1, z: 1}
  m_Children: []
  m_Father: {fileID: 2114914017}
  m_RootOrder: 11
  m_LocalEulerAnglesHint: {x: 0, y: 0, z: 0}
  m_AnchorMin: {x: 0.5, y: 0.5}
  m_AnchorMax: {x: 0.5, y: 0.5}
  m_AnchoredPosition: {x: -192.00018, y: -724}
  m_SizeDelta: {x: 384, y: 200}
  m_Pivot: {x: 0.5, y: 0.5}
--- !u!114 &1607784616
MonoBehaviour:
  m_ObjectHideFlags: 0
  m_PrefabParentObject: {fileID: 11442964, guid: 6b9b2415f3faeeb468f94f7439fed488,
    type: 2}
  m_PrefabInternal: {fileID: 399834292}
  m_GameObject: {fileID: 1607784614}
  m_Enabled: 1
  m_EditorHideFlags: 0
  m_Script: {fileID: -765806418, guid: f5f67c52d1564df4a8936ccd202a3bd8, type: 3}
  m_Name: 
  m_EditorClassIdentifier: 
  m_Material: {fileID: 0}
  m_Color: {r: 0.02745098, g: 0.4862745, b: 0.32941177, a: 1}
  m_RaycastTarget: 1
  m_OnCullStateChanged:
    m_PersistentCalls:
      m_Calls: []
    m_TypeName: UnityEngine.UI.MaskableGraphic+CullStateChangedEvent, UnityEngine.UI,
      Version=1.0.0.0, Culture=neutral, PublicKeyToken=null
  m_Sprite: {fileID: 21300000, guid: 7ed1238760b863f4aafde32ab3a6f28c, type: 3}
  m_Type: 1
  m_PreserveAspect: 0
  m_FillCenter: 1
  m_FillMethod: 4
  m_FillAmount: 1
  m_FillClockwise: 1
  m_FillOrigin: 0
--- !u!222 &1607784617
CanvasRenderer:
  m_ObjectHideFlags: 0
  m_PrefabParentObject: {fileID: 22242964, guid: 6b9b2415f3faeeb468f94f7439fed488,
    type: 2}
  m_PrefabInternal: {fileID: 399834292}
  m_GameObject: {fileID: 1607784614}
--- !u!1 &1608382674
GameObject:
  m_ObjectHideFlags: 0
  m_PrefabParentObject: {fileID: 142946, guid: 6b9b2415f3faeeb468f94f7439fed488, type: 2}
  m_PrefabInternal: {fileID: 399834292}
  serializedVersion: 5
  m_Component:
  - component: {fileID: 1608382675}
  - component: {fileID: 1608382677}
  - component: {fileID: 1608382676}
  m_Layer: 5
  m_Name: AppTitle
  m_TagString: Untagged
  m_Icon: {fileID: 0}
  m_NavMeshLayer: 0
  m_StaticEditorFlags: 0
  m_IsActive: 1
--- !u!224 &1608382675
RectTransform:
  m_ObjectHideFlags: 0
  m_PrefabParentObject: {fileID: 22442946, guid: 6b9b2415f3faeeb468f94f7439fed488,
    type: 2}
  m_PrefabInternal: {fileID: 399834292}
  m_GameObject: {fileID: 1608382674}
  m_LocalRotation: {x: 0, y: 0, z: 0, w: 1}
  m_LocalPosition: {x: 0, y: 0, z: 0}
  m_LocalScale: {x: 1, y: 1, z: 1}
  m_Children:
  - {fileID: 444414716}
  m_Father: {fileID: 35265111}
  m_RootOrder: 0
  m_LocalEulerAnglesHint: {x: 0, y: 0, z: 0}
  m_AnchorMin: {x: 0.5, y: 0.5}
  m_AnchorMax: {x: 0.5, y: 0.5}
  m_AnchoredPosition: {x: -384, y: 1147}
  m_SizeDelta: {x: 768, y: 109}
  m_Pivot: {x: 0.5, y: 0.5}
--- !u!114 &1608382676
MonoBehaviour:
  m_ObjectHideFlags: 0
  m_PrefabParentObject: {fileID: 11442944, guid: 6b9b2415f3faeeb468f94f7439fed488,
    type: 2}
  m_PrefabInternal: {fileID: 399834292}
  m_GameObject: {fileID: 1608382674}
  m_Enabled: 1
  m_EditorHideFlags: 0
  m_Script: {fileID: 708705254, guid: f5f67c52d1564df4a8936ccd202a3bd8, type: 3}
  m_Name: 
  m_EditorClassIdentifier: 
  m_Material: {fileID: 0}
  m_Color: {r: 0.85490197, g: 0.85490197, b: 0.85490197, a: 1}
  m_RaycastTarget: 1
  m_OnCullStateChanged:
    m_PersistentCalls:
      m_Calls: []
    m_TypeName: UnityEngine.UI.MaskableGraphic+CullStateChangedEvent, UnityEngine.UI,
      Version=1.0.0.0, Culture=neutral, PublicKeyToken=null
  m_FontData:
    m_Font: {fileID: 12800000, guid: 218956a5c2a6e42d6a60afccf80b002b, type: 3}
    m_FontSize: 102
    m_FontStyle: 0
    m_BestFit: 0
    m_MinSize: 10
    m_MaxSize: 102
    m_Alignment: 0
    m_AlignByGeometry: 0
    m_RichText: 1
    m_HorizontalOverflow: 0
    m_VerticalOverflow: 1
    m_LineSpacing: 1
  m_Text: GAME
--- !u!222 &1608382677
CanvasRenderer:
  m_ObjectHideFlags: 0
  m_PrefabParentObject: {fileID: 22242946, guid: 6b9b2415f3faeeb468f94f7439fed488,
    type: 2}
  m_PrefabInternal: {fileID: 399834292}
  m_GameObject: {fileID: 1608382674}
--- !u!1 &1806949723
GameObject:
  m_ObjectHideFlags: 0
  m_PrefabParentObject: {fileID: 142942, guid: 6b9b2415f3faeeb468f94f7439fed488, type: 2}
  m_PrefabInternal: {fileID: 399834292}
  serializedVersion: 5
  m_Component:
  - component: {fileID: 1806949724}
  - component: {fileID: 1806949726}
  - component: {fileID: 1806949725}
  m_Layer: 5
  m_Name: Text
  m_TagString: Untagged
  m_Icon: {fileID: 0}
  m_NavMeshLayer: 0
  m_StaticEditorFlags: 0
  m_IsActive: 1
--- !u!224 &1806949724
RectTransform:
  m_ObjectHideFlags: 0
  m_PrefabParentObject: {fileID: 22442942, guid: 6b9b2415f3faeeb468f94f7439fed488,
    type: 2}
  m_PrefabInternal: {fileID: 399834292}
  m_GameObject: {fileID: 1806949723}
  m_LocalRotation: {x: 0, y: 0, z: 0, w: 1}
  m_LocalPosition: {x: 0, y: 0, z: 0}
  m_LocalScale: {x: 1, y: 1, z: 1}
  m_Children: []
  m_Father: {fileID: 1225899616}
  m_RootOrder: 1
  m_LocalEulerAnglesHint: {x: 0, y: 0, z: 0}
  m_AnchorMin: {x: 0.5, y: 0.5}
  m_AnchorMax: {x: 0.5, y: 0.5}
  m_AnchoredPosition: {x: 573, y: 220}
  m_SizeDelta: {x: 388, y: 192}
  m_Pivot: {x: 0.5, y: 0.5}
--- !u!114 &1806949725
MonoBehaviour:
  m_ObjectHideFlags: 0
  m_PrefabParentObject: {fileID: 11442940, guid: 6b9b2415f3faeeb468f94f7439fed488,
    type: 2}
  m_PrefabInternal: {fileID: 399834292}
  m_GameObject: {fileID: 1806949723}
  m_Enabled: 1
  m_EditorHideFlags: 0
  m_Script: {fileID: 708705254, guid: f5f67c52d1564df4a8936ccd202a3bd8, type: 3}
  m_Name: 
  m_EditorClassIdentifier: 
  m_Material: {fileID: 0}
  m_Color: {r: 0.9529412, g: 0.9019608, b: 0.76862746, a: 1}
  m_RaycastTarget: 1
  m_OnCullStateChanged:
    m_PersistentCalls:
      m_Calls: []
    m_TypeName: UnityEngine.UI.MaskableGraphic+CullStateChangedEvent, UnityEngine.UI,
      Version=1.0.0.0, Culture=neutral, PublicKeyToken=null
  m_FontData:
    m_Font: {fileID: 12800000, guid: bd1ea67ca2b5742d1a24fcbdc17c55e1, type: 3}
    m_FontSize: 50
    m_FontStyle: 0
    m_BestFit: 0
    m_MinSize: 10
    m_MaxSize: 50
    m_Alignment: 4
    m_AlignByGeometry: 0
    m_RichText: 1
    m_HorizontalOverflow: 0
    m_VerticalOverflow: 0
    m_LineSpacing: 1
  m_Text: 4580
--- !u!222 &1806949726
CanvasRenderer:
  m_ObjectHideFlags: 0
  m_PrefabParentObject: {fileID: 22242942, guid: 6b9b2415f3faeeb468f94f7439fed488,
    type: 2}
  m_PrefabInternal: {fileID: 399834292}
  m_GameObject: {fileID: 1806949723}
--- !u!1 &1856483987
GameObject:
  m_ObjectHideFlags: 0
  m_PrefabParentObject: {fileID: 142962, guid: 6b9b2415f3faeeb468f94f7439fed488, type: 2}
  m_PrefabInternal: {fileID: 399834292}
  serializedVersion: 5
  m_Component:
  - component: {fileID: 1856483988}
  - component: {fileID: 1856483990}
  - component: {fileID: 1856483989}
  m_Layer: 5
  m_Name: Blocks
  m_TagString: Untagged
  m_Icon: {fileID: 0}
  m_NavMeshLayer: 0
  m_StaticEditorFlags: 0
  m_IsActive: 1
--- !u!224 &1856483988
RectTransform:
  m_ObjectHideFlags: 0
  m_PrefabParentObject: {fileID: 22442962, guid: 6b9b2415f3faeeb468f94f7439fed488,
    type: 2}
  m_PrefabInternal: {fileID: 399834292}
  m_GameObject: {fileID: 1856483987}
  m_LocalRotation: {x: 0, y: 0, z: 0, w: 1}
  m_LocalPosition: {x: 0, y: 0, z: 0}
  m_LocalScale: {x: 1, y: 1, z: 1}
  m_Children: []
  m_Father: {fileID: 2114914017}
  m_RootOrder: 12
  m_LocalEulerAnglesHint: {x: 0, y: 0, z: 0}
  m_AnchorMin: {x: 0.5, y: 0.5}
  m_AnchorMax: {x: 0.5, y: 0.5}
  m_AnchoredPosition: {x: -576, y: -524}
  m_SizeDelta: {x: 384, y: 200}
  m_Pivot: {x: 0.5, y: 0.5}
--- !u!114 &1856483989
MonoBehaviour:
  m_ObjectHideFlags: 0
  m_PrefabParentObject: {fileID: 11442962, guid: 6b9b2415f3faeeb468f94f7439fed488,
    type: 2}
  m_PrefabInternal: {fileID: 399834292}
  m_GameObject: {fileID: 1856483987}
  m_Enabled: 1
  m_EditorHideFlags: 0
  m_Script: {fileID: -765806418, guid: f5f67c52d1564df4a8936ccd202a3bd8, type: 3}
  m_Name: 
  m_EditorClassIdentifier: 
  m_Material: {fileID: 0}
  m_Color: {r: 0, g: 0.7372549, b: 0.37254903, a: 1}
  m_RaycastTarget: 1
  m_OnCullStateChanged:
    m_PersistentCalls:
      m_Calls: []
    m_TypeName: UnityEngine.UI.MaskableGraphic+CullStateChangedEvent, UnityEngine.UI,
      Version=1.0.0.0, Culture=neutral, PublicKeyToken=null
  m_Sprite: {fileID: 21300000, guid: 7ed1238760b863f4aafde32ab3a6f28c, type: 3}
  m_Type: 1
  m_PreserveAspect: 0
  m_FillCenter: 1
  m_FillMethod: 4
  m_FillAmount: 1
  m_FillClockwise: 1
  m_FillOrigin: 0
--- !u!222 &1856483990
CanvasRenderer:
  m_ObjectHideFlags: 0
  m_PrefabParentObject: {fileID: 22242962, guid: 6b9b2415f3faeeb468f94f7439fed488,
    type: 2}
  m_PrefabInternal: {fileID: 399834292}
  m_GameObject: {fileID: 1856483987}
--- !u!1 &1902646612
GameObject:
  m_ObjectHideFlags: 0
  m_PrefabParentObject: {fileID: 142952, guid: 6b9b2415f3faeeb468f94f7439fed488, type: 2}
  m_PrefabInternal: {fileID: 399834292}
  serializedVersion: 5
  m_Component:
  - component: {fileID: 1902646613}
  - component: {fileID: 1902646615}
  - component: {fileID: 1902646614}
  m_Layer: 5
  m_Name: Text
  m_TagString: Untagged
  m_Icon: {fileID: 0}
  m_NavMeshLayer: 0
  m_StaticEditorFlags: 0
  m_IsActive: 1
--- !u!224 &1902646613
RectTransform:
  m_ObjectHideFlags: 0
  m_PrefabParentObject: {fileID: 22442952, guid: 6b9b2415f3faeeb468f94f7439fed488,
    type: 2}
  m_PrefabInternal: {fileID: 399834292}
  m_GameObject: {fileID: 1902646612}
  m_LocalRotation: {x: 0, y: 0, z: 0, w: 1}
  m_LocalPosition: {x: 0, y: 0, z: 0}
  m_LocalScale: {x: 1, y: 1, z: 1}
  m_Children: []
  m_Father: {fileID: 1225899616}
  m_RootOrder: 0
  m_LocalEulerAnglesHint: {x: 0, y: 0, z: 0}
  m_AnchorMin: {x: 0.5, y: 0.5}
  m_AnchorMax: {x: 0.5, y: 0.5}
  m_AnchoredPosition: {x: -513, y: 220}
  m_SizeDelta: {x: 520, y: 192}
  m_Pivot: {x: 0.5, y: 0.5}
--- !u!114 &1902646614
MonoBehaviour:
  m_ObjectHideFlags: 0
  m_PrefabParentObject: {fileID: 11442952, guid: 6b9b2415f3faeeb468f94f7439fed488,
    type: 2}
  m_PrefabInternal: {fileID: 399834292}
  m_GameObject: {fileID: 1902646612}
  m_Enabled: 1
  m_EditorHideFlags: 0
  m_Script: {fileID: 708705254, guid: f5f67c52d1564df4a8936ccd202a3bd8, type: 3}
  m_Name: 
  m_EditorClassIdentifier: 
  m_Material: {fileID: 0}
  m_Color: {r: 0.9529412, g: 0.9019608, b: 0.76862746, a: 1}
  m_RaycastTarget: 1
  m_OnCullStateChanged:
    m_PersistentCalls:
      m_Calls: []
    m_TypeName: UnityEngine.UI.MaskableGraphic+CullStateChangedEvent, UnityEngine.UI,
      Version=1.0.0.0, Culture=neutral, PublicKeyToken=null
  m_FontData:
    m_Font: {fileID: 12800000, guid: bd1ea67ca2b5742d1a24fcbdc17c55e1, type: 3}
    m_FontSize: 50
    m_FontStyle: 0
    m_BestFit: 0
    m_MinSize: 10
    m_MaxSize: 50
    m_Alignment: 4
    m_AlignByGeometry: 0
    m_RichText: 1
    m_HorizontalOverflow: 0
    m_VerticalOverflow: 0
    m_LineSpacing: 1
  m_Text: Map 3
--- !u!222 &1902646615
CanvasRenderer:
  m_ObjectHideFlags: 0
  m_PrefabParentObject: {fileID: 22242952, guid: 6b9b2415f3faeeb468f94f7439fed488,
    type: 2}
  m_PrefabInternal: {fileID: 399834292}
  m_GameObject: {fileID: 1902646612}
--- !u!1 &1964569905
GameObject:
  m_ObjectHideFlags: 0
  m_PrefabParentObject: {fileID: 142956, guid: 6b9b2415f3faeeb468f94f7439fed488, type: 2}
  m_PrefabInternal: {fileID: 399834292}
  serializedVersion: 5
  m_Component:
  - component: {fileID: 1964569906}
  - component: {fileID: 1964569908}
  - component: {fileID: 1964569907}
  m_Layer: 5
  m_Name: Blocks
  m_TagString: Untagged
  m_Icon: {fileID: 0}
  m_NavMeshLayer: 0
  m_StaticEditorFlags: 0
  m_IsActive: 1
--- !u!224 &1964569906
RectTransform:
  m_ObjectHideFlags: 0
  m_PrefabParentObject: {fileID: 22442956, guid: 6b9b2415f3faeeb468f94f7439fed488,
    type: 2}
  m_PrefabInternal: {fileID: 399834292}
  m_GameObject: {fileID: 1964569905}
  m_LocalRotation: {x: 0, y: 0, z: 0, w: 1}
  m_LocalPosition: {x: 0, y: 0, z: 0}
  m_LocalScale: {x: 1, y: 1, z: 1}
  m_Children: []
  m_Father: {fileID: 2114914017}
  m_RootOrder: 6
  m_LocalEulerAnglesHint: {x: 0, y: 0, z: 0}
  m_AnchorMin: {x: 0.5, y: 0.5}
  m_AnchorMax: {x: 0.5, y: 0.5}
  m_AnchoredPosition: {x: 192, y: -524}
  m_SizeDelta: {x: 384, y: 200}
  m_Pivot: {x: 0.5, y: 0.5}
--- !u!114 &1964569907
MonoBehaviour:
  m_ObjectHideFlags: 0
  m_PrefabParentObject: {fileID: 11442956, guid: 6b9b2415f3faeeb468f94f7439fed488,
    type: 2}
  m_PrefabInternal: {fileID: 399834292}
  m_GameObject: {fileID: 1964569905}
  m_Enabled: 1
  m_EditorHideFlags: 0
  m_Script: {fileID: -765806418, guid: f5f67c52d1564df4a8936ccd202a3bd8, type: 3}
  m_Name: 
  m_EditorClassIdentifier: 
  m_Material: {fileID: 0}
  m_Color: {r: 0, g: 0.6784314, b: 0.36078432, a: 1}
  m_RaycastTarget: 1
  m_OnCullStateChanged:
    m_PersistentCalls:
      m_Calls: []
    m_TypeName: UnityEngine.UI.MaskableGraphic+CullStateChangedEvent, UnityEngine.UI,
      Version=1.0.0.0, Culture=neutral, PublicKeyToken=null
  m_Sprite: {fileID: 21300000, guid: 7ed1238760b863f4aafde32ab3a6f28c, type: 3}
  m_Type: 1
  m_PreserveAspect: 0
  m_FillCenter: 1
  m_FillMethod: 4
  m_FillAmount: 1
  m_FillClockwise: 1
  m_FillOrigin: 0
--- !u!222 &1964569908
CanvasRenderer:
  m_ObjectHideFlags: 0
  m_PrefabParentObject: {fileID: 22242956, guid: 6b9b2415f3faeeb468f94f7439fed488,
    type: 2}
  m_PrefabInternal: {fileID: 399834292}
  m_GameObject: {fileID: 1964569905}
--- !u!1 &1968792705
GameObject:
  m_ObjectHideFlags: 0
  m_PrefabParentObject: {fileID: 142968, guid: 6b9b2415f3faeeb468f94f7439fed488, type: 2}
  m_PrefabInternal: {fileID: 399834292}
  serializedVersion: 5
  m_Component:
  - component: {fileID: 1968792706}
  - component: {fileID: 1968792708}
  - component: {fileID: 1968792707}
  m_Layer: 5
  m_Name: Blocks
  m_TagString: Untagged
  m_Icon: {fileID: 0}
  m_NavMeshLayer: 0
  m_StaticEditorFlags: 0
  m_IsActive: 1
--- !u!224 &1968792706
RectTransform:
  m_ObjectHideFlags: 0
  m_PrefabParentObject: {fileID: 22442968, guid: 6b9b2415f3faeeb468f94f7439fed488,
    type: 2}
  m_PrefabInternal: {fileID: 399834292}
  m_GameObject: {fileID: 1968792705}
  m_LocalRotation: {x: 0, y: 0, z: 0, w: 1}
  m_LocalPosition: {x: 0, y: 0, z: 0}
  m_LocalScale: {x: 1, y: 1, z: 1}
  m_Children: []
  m_Father: {fileID: 2114914017}
  m_RootOrder: 7
  m_LocalEulerAnglesHint: {x: 0, y: 0, z: 0}
  m_AnchorMin: {x: 0.5, y: 0.5}
  m_AnchorMax: {x: 0.5, y: 0.5}
  m_AnchoredPosition: {x: 192, y: -324}
  m_SizeDelta: {x: 384, y: 200}
  m_Pivot: {x: 0.5, y: 0.5}
--- !u!114 &1968792707
MonoBehaviour:
  m_ObjectHideFlags: 0
  m_PrefabParentObject: {fileID: 11442968, guid: 6b9b2415f3faeeb468f94f7439fed488,
    type: 2}
  m_PrefabInternal: {fileID: 399834292}
  m_GameObject: {fileID: 1968792705}
  m_Enabled: 1
  m_EditorHideFlags: 0
  m_Script: {fileID: -765806418, guid: f5f67c52d1564df4a8936ccd202a3bd8, type: 3}
  m_Name: 
  m_EditorClassIdentifier: 
  m_Material: {fileID: 0}
  m_Color: {r: 0, g: 0.7372549, b: 0.37254903, a: 1}
  m_RaycastTarget: 1
  m_OnCullStateChanged:
    m_PersistentCalls:
      m_Calls: []
    m_TypeName: UnityEngine.UI.MaskableGraphic+CullStateChangedEvent, UnityEngine.UI,
      Version=1.0.0.0, Culture=neutral, PublicKeyToken=null
  m_Sprite: {fileID: 21300000, guid: 7ed1238760b863f4aafde32ab3a6f28c, type: 3}
  m_Type: 1
  m_PreserveAspect: 0
  m_FillCenter: 1
  m_FillMethod: 4
  m_FillAmount: 1
  m_FillClockwise: 1
  m_FillOrigin: 0
--- !u!222 &1968792708
CanvasRenderer:
  m_ObjectHideFlags: 0
  m_PrefabParentObject: {fileID: 22242968, guid: 6b9b2415f3faeeb468f94f7439fed488,
    type: 2}
  m_PrefabInternal: {fileID: 399834292}
  m_GameObject: {fileID: 1968792705}
--- !u!1 &2114914016
GameObject:
  m_ObjectHideFlags: 0
  m_PrefabParentObject: {fileID: 142948, guid: 6b9b2415f3faeeb468f94f7439fed488, type: 2}
  m_PrefabInternal: {fileID: 399834292}
  serializedVersion: 5
  m_Component:
  - component: {fileID: 2114914017}
  - component: {fileID: 2114914020}
  - component: {fileID: 2114914019}
  - component: {fileID: 2114914018}
  m_Layer: 5
  m_Name: Panel
  m_TagString: Untagged
  m_Icon: {fileID: 0}
  m_NavMeshLayer: 0
  m_StaticEditorFlags: 0
  m_IsActive: 1
--- !u!224 &2114914017
RectTransform:
  m_ObjectHideFlags: 0
  m_PrefabParentObject: {fileID: 22442948, guid: 6b9b2415f3faeeb468f94f7439fed488,
    type: 2}
  m_PrefabInternal: {fileID: 399834292}
  m_GameObject: {fileID: 2114914016}
  m_LocalRotation: {x: 0, y: 0, z: 0, w: 1}
  m_LocalPosition: {x: 0, y: 0, z: 0}
  m_LocalScale: {x: 1, y: 1, z: 1}
  m_Children:
  - {fileID: 908627324}
  - {fileID: 1489220803}
  - {fileID: 721018368}
  - {fileID: 410649277}
  - {fileID: 649664391}
  - {fileID: 644514903}
  - {fileID: 1964569906}
  - {fileID: 1968792706}
  - {fileID: 212962394}
  - {fileID: 1599184395}
  - {fileID: 460551750}
  - {fileID: 1607784615}
  - {fileID: 1856483988}
  - {fileID: 453766573}
  - {fileID: 1225899616}
  m_Father: {fileID: 35265111}
  m_RootOrder: 1
  m_LocalEulerAnglesHint: {x: 0, y: 0, z: 0}
  m_AnchorMin: {x: 0.5, y: 0.5}
  m_AnchorMax: {x: 0.5, y: 0.5}
  m_AnchoredPosition: {x: 0, y: 0}
  m_SizeDelta: {x: 1536, y: 2048}
  m_Pivot: {x: 0.5, y: 0.5}
--- !u!114 &2114914018
MonoBehaviour:
  m_ObjectHideFlags: 0
  m_PrefabParentObject: {fileID: 11442948, guid: 6b9b2415f3faeeb468f94f7439fed488,
    type: 2}
  m_PrefabInternal: {fileID: 399834292}
  m_GameObject: {fileID: 2114914016}
  m_Enabled: 1
  m_EditorHideFlags: 0
  m_Script: {fileID: -1200242548, guid: f5f67c52d1564df4a8936ccd202a3bd8, type: 3}
  m_Name: 
  m_EditorClassIdentifier: 
  m_ShowMaskGraphic: 1
--- !u!114 &2114914019
MonoBehaviour:
  m_ObjectHideFlags: 0
  m_PrefabParentObject: {fileID: 11442946, guid: 6b9b2415f3faeeb468f94f7439fed488,
    type: 2}
  m_PrefabInternal: {fileID: 399834292}
  m_GameObject: {fileID: 2114914016}
  m_Enabled: 1
  m_EditorHideFlags: 0
  m_Script: {fileID: -765806418, guid: f5f67c52d1564df4a8936ccd202a3bd8, type: 3}
  m_Name: 
  m_EditorClassIdentifier: 
  m_Material: {fileID: 0}
  m_Color: {r: 0.2784314, g: 0.2784314, b: 0.2784314, a: 1}
  m_RaycastTarget: 1
  m_OnCullStateChanged:
    m_PersistentCalls:
      m_Calls: []
    m_TypeName: UnityEngine.UI.MaskableGraphic+CullStateChangedEvent, UnityEngine.UI,
      Version=1.0.0.0, Culture=neutral, PublicKeyToken=null
  m_Sprite: {fileID: 21300000, guid: 7ed1238760b863f4aafde32ab3a6f28c, type: 3}
  m_Type: 1
  m_PreserveAspect: 0
  m_FillCenter: 1
  m_FillMethod: 4
  m_FillAmount: 1
  m_FillClockwise: 1
  m_FillOrigin: 0
--- !u!222 &2114914020
CanvasRenderer:
  m_ObjectHideFlags: 0
  m_PrefabParentObject: {fileID: 22242948, guid: 6b9b2415f3faeeb468f94f7439fed488,
    type: 2}
  m_PrefabInternal: {fileID: 399834292}
  m_GameObject: {fileID: 2114914016}
