%YAML 1.1
%TAG !u! tag:unity3d.com,2011:
--- !u!29 &1
OcclusionCullingSettings:
  m_ObjectHideFlags: 0
  serializedVersion: 2
  m_OcclusionBakeSettings:
    smallestOccluder: 5
    smallestHole: 0.25
    backfaceThreshold: 100
  m_SceneGUID: 00000000000000000000000000000000
  m_OcclusionCullingData: {fileID: 0}
--- !u!104 &2
RenderSettings:
  m_ObjectHideFlags: 0
  serializedVersion: 9
  m_Fog: 0
  m_FogColor: {r: 0.5, g: 0.5, b: 0.5, a: 1}
  m_FogMode: 3
  m_FogDensity: 0.01
  m_LinearFogStart: 0
  m_LinearFogEnd: 300
  m_AmbientSkyColor: {r: 0.212, g: 0.227, b: 0.259, a: 1}
  m_AmbientEquatorColor: {r: 0.114, g: 0.125, b: 0.133, a: 1}
  m_AmbientGroundColor: {r: 0.047, g: 0.043, b: 0.035, a: 1}
  m_AmbientIntensity: 1
  m_AmbientMode: 0
  m_SubtractiveShadowColor: {r: 0.42, g: 0.478, b: 0.627, a: 1}
  m_SkyboxMaterial: {fileID: 10304, guid: 0000000000000000f000000000000000, type: 0}
  m_HaloStrength: 0.5
  m_FlareStrength: 1
  m_FlareFadeSpeed: 3
  m_HaloTexture: {fileID: 0}
  m_SpotCookie: {fileID: 10001, guid: 0000000000000000e000000000000000, type: 0}
  m_DefaultReflectionMode: 0
  m_DefaultReflectionResolution: 128
  m_ReflectionBounces: 1
  m_ReflectionIntensity: 1
  m_CustomReflection: {fileID: 0}
  m_Sun: {fileID: 0}
  m_IndirectSpecularColor: {r: 0, g: 0, b: 0, a: 1}
  m_UseRadianceAmbientProbe: 0
--- !u!157 &4
LightmapSettings:
  m_ObjectHideFlags: 0
  serializedVersion: 11
  m_GIWorkflowMode: 0
  m_GISettings:
    serializedVersion: 2
    m_BounceScale: 1
    m_IndirectOutputScale: 1
    m_AlbedoBoost: 1
    m_TemporalCoherenceThreshold: 1
    m_EnvironmentLightingMode: 0
    m_EnableBakedLightmaps: 1
    m_EnableRealtimeLightmaps: 1
  m_LightmapEditorSettings:
    serializedVersion: 10
    m_Resolution: 2
    m_BakeResolution: 40
    m_AtlasSize: 1024
    m_AO: 0
    m_AOMaxDistance: 1
    m_CompAOExponent: 0
    m_CompAOExponentDirect: 0
    m_Padding: 2
    m_LightmapParameters: {fileID: 0}
    m_LightmapsBakeMode: 1
    m_TextureCompression: 1
    m_FinalGather: 0
    m_FinalGatherFiltering: 1
    m_FinalGatherRayCount: 1024
    m_ReflectionCompression: 2
    m_MixedBakeMode: 1
    m_BakeBackend: 0
    m_PVRSampling: 1
    m_PVRDirectSampleCount: 32
    m_PVRSampleCount: 500
    m_PVRBounces: 2
    m_PVRFilterTypeDirect: 0
    m_PVRFilterTypeIndirect: 0
    m_PVRFilterTypeAO: 0
    m_PVRFilteringMode: 0
    m_PVRCulling: 1
    m_PVRFilteringGaussRadiusDirect: 1
    m_PVRFilteringGaussRadiusIndirect: 5
    m_PVRFilteringGaussRadiusAO: 2
    m_PVRFilteringAtrousPositionSigmaDirect: 0.5
    m_PVRFilteringAtrousPositionSigmaIndirect: 2
    m_PVRFilteringAtrousPositionSigmaAO: 1
    m_ShowResolutionOverlay: 1
  m_LightingDataAsset: {fileID: 0}
  m_UseShadowmask: 0
--- !u!196 &5
NavMeshSettings:
  serializedVersion: 2
  m_ObjectHideFlags: 0
  m_BuildSettings:
    serializedVersion: 2
    agentTypeID: 0
    agentRadius: 0.5
    agentHeight: 2
    agentSlope: 45
    agentClimb: 0.4
    ledgeDropHeight: 0
    maxJumpAcrossDistance: 0
    minRegionArea: 2
    manualCellSize: 0
    cellSize: 0.16666667
    manualTileSize: 0
    tileSize: 256
    accuratePlacement: 0
    debug:
      m_Flags: 0
  m_NavMeshData: {fileID: 0}
--- !u!1 &232917142
GameObject:
  m_ObjectHideFlags: 0
  m_PrefabParentObject: {fileID: 109190, guid: e39e9a09a02695a4b8efddc53c60fec4, type: 2}
  m_PrefabInternal: {fileID: 1423957306}
  serializedVersion: 5
  m_Component:
  - component: {fileID: 232917143}
  - component: {fileID: 232917145}
  - component: {fileID: 232917144}
  m_Layer: 5
  m_Name: Panel
  m_TagString: Untagged
  m_Icon: {fileID: 0}
  m_NavMeshLayer: 0
  m_StaticEditorFlags: 0
  m_IsActive: 1
--- !u!224 &232917143
RectTransform:
  m_ObjectHideFlags: 0
  m_PrefabParentObject: {fileID: 22409190, guid: e39e9a09a02695a4b8efddc53c60fec4,
    type: 2}
  m_PrefabInternal: {fileID: 1423957306}
  m_GameObject: {fileID: 232917142}
  m_LocalRotation: {x: 0, y: 0, z: 0, w: 1}
  m_LocalPosition: {x: 0, y: 0, z: 0}
  m_LocalScale: {x: 1, y: 1, z: 1}
  m_Children: []
  m_Father: {fileID: 294308683}
  m_RootOrder: 1
  m_LocalEulerAnglesHint: {x: 0, y: 0, z: 0}
  m_AnchorMin: {x: 0.5, y: 0.5}
  m_AnchorMax: {x: 0.5, y: 0.5}
  m_AnchoredPosition: {x: -493, y: 0}
  m_SizeDelta: {x: 45, y: 44}
  m_Pivot: {x: 0.5, y: 0.5}
--- !u!114 &232917144
MonoBehaviour:
  m_ObjectHideFlags: 0
  m_PrefabParentObject: {fileID: 11409190, guid: e39e9a09a02695a4b8efddc53c60fec4,
    type: 2}
  m_PrefabInternal: {fileID: 1423957306}
  m_GameObject: {fileID: 232917142}
  m_Enabled: 1
  m_EditorHideFlags: 0
  m_Script: {fileID: -765806418, guid: f5f67c52d1564df4a8936ccd202a3bd8, type: 3}
  m_Name: 
  m_EditorClassIdentifier: 
  m_Material: {fileID: 0}
  m_Color: {r: 0.12156863, g: 0.8156863, b: 0.5647059, a: 1}
  m_RaycastTarget: 1
  m_OnCullStateChanged:
    m_PersistentCalls:
      m_Calls: []
    m_TypeName: UnityEngine.UI.MaskableGraphic+CullStateChangedEvent, UnityEngine.UI,
      Version=1.0.0.0, Culture=neutral, PublicKeyToken=null
  m_Sprite: {fileID: 21300000, guid: f04f7faa5cfd8444a9b61e426135725f, type: 3}
  m_Type: 0
  m_PreserveAspect: 0
  m_FillCenter: 1
  m_FillMethod: 4
  m_FillAmount: 1
  m_FillClockwise: 1
  m_FillOrigin: 0
--- !u!222 &232917145
CanvasRenderer:
  m_ObjectHideFlags: 0
  m_PrefabParentObject: {fileID: 22209190, guid: e39e9a09a02695a4b8efddc53c60fec4,
    type: 2}
  m_PrefabInternal: {fileID: 1423957306}
  m_GameObject: {fileID: 232917142}
--- !u!1 &247961212
GameObject:
  m_ObjectHideFlags: 0
  m_PrefabParentObject: {fileID: 109206, guid: e39e9a09a02695a4b8efddc53c60fec4, type: 2}
  m_PrefabInternal: {fileID: 1423957306}
  serializedVersion: 5
  m_Component:
  - component: {fileID: 247961213}
  - component: {fileID: 247961215}
  - component: {fileID: 247961214}
  m_Layer: 5
  m_Name: MapBlocks
  m_TagString: Untagged
  m_Icon: {fileID: 0}
  m_NavMeshLayer: 0
  m_StaticEditorFlags: 0
  m_IsActive: 1
--- !u!224 &247961213
RectTransform:
  m_ObjectHideFlags: 0
  m_PrefabParentObject: {fileID: 22409206, guid: e39e9a09a02695a4b8efddc53c60fec4,
    type: 2}
  m_PrefabInternal: {fileID: 1423957306}
  m_GameObject: {fileID: 247961212}
  m_LocalRotation: {x: 0, y: 0, z: 0, w: 1}
  m_LocalPosition: {x: 0, y: 0, z: 0}
  m_LocalScale: {x: 1, y: 1, z: 1}
  m_Children: []
  m_Father: {fileID: 1513725710}
  m_RootOrder: 5
  m_LocalEulerAnglesHint: {x: 0, y: 0, z: 0}
  m_AnchorMin: {x: 0.5, y: 0.5}
  m_AnchorMax: {x: 0.5, y: 0.5}
  m_AnchoredPosition: {x: 0, y: 300.25}
  m_SizeDelta: {x: 1136, y: 39.51}
  m_Pivot: {x: 0.5, y: 0.5}
--- !u!114 &247961214
MonoBehaviour:
  m_ObjectHideFlags: 0
  m_PrefabParentObject: {fileID: 11409208, guid: e39e9a09a02695a4b8efddc53c60fec4,
    type: 2}
  m_PrefabInternal: {fileID: 1423957306}
  m_GameObject: {fileID: 247961212}
  m_Enabled: 1
  m_EditorHideFlags: 0
  m_Script: {fileID: -765806418, guid: f5f67c52d1564df4a8936ccd202a3bd8, type: 3}
  m_Name: 
  m_EditorClassIdentifier: 
  m_Material: {fileID: 0}
  m_Color: {r: 0.18431373, g: 0.18431373, b: 0.22745098, a: 1}
  m_RaycastTarget: 1
  m_OnCullStateChanged:
    m_PersistentCalls:
      m_Calls: []
    m_TypeName: UnityEngine.UI.MaskableGraphic+CullStateChangedEvent, UnityEngine.UI,
      Version=1.0.0.0, Culture=neutral, PublicKeyToken=null
  m_Sprite: {fileID: 21300000, guid: 7ed1238760b863f4aafde32ab3a6f28c, type: 3}
  m_Type: 1
  m_PreserveAspect: 0
  m_FillCenter: 1
  m_FillMethod: 4
  m_FillAmount: 1
  m_FillClockwise: 1
  m_FillOrigin: 0
--- !u!222 &247961215
CanvasRenderer:
  m_ObjectHideFlags: 0
  m_PrefabParentObject: {fileID: 22209206, guid: e39e9a09a02695a4b8efddc53c60fec4,
    type: 2}
  m_PrefabInternal: {fileID: 1423957306}
  m_GameObject: {fileID: 247961212}
--- !u!1 &294308682
GameObject:
  m_ObjectHideFlags: 0
  m_PrefabParentObject: {fileID: 109196, guid: e39e9a09a02695a4b8efddc53c60fec4, type: 2}
  m_PrefabInternal: {fileID: 1423957306}
  serializedVersion: 5
  m_Component:
  - component: {fileID: 294308683}
  - component: {fileID: 294308685}
  - component: {fileID: 294308684}
  m_Layer: 5
  m_Name: InfoBar
  m_TagString: Untagged
  m_Icon: {fileID: 0}
  m_NavMeshLayer: 0
  m_StaticEditorFlags: 0
  m_IsActive: 1
--- !u!224 &294308683
RectTransform:
  m_ObjectHideFlags: 0
  m_PrefabParentObject: {fileID: 22409196, guid: e39e9a09a02695a4b8efddc53c60fec4,
    type: 2}
  m_PrefabInternal: {fileID: 1423957306}
  m_GameObject: {fileID: 294308682}
  m_LocalRotation: {x: 0, y: 0, z: 0, w: 1}
  m_LocalPosition: {x: 0, y: 0, z: 0}
  m_LocalScale: {x: 1, y: 1, z: 1}
  m_Children:
  - {fileID: 1894405199}
  - {fileID: 232917143}
  - {fileID: 428395271}
  - {fileID: 1874970650}
  m_Father: {fileID: 1513725710}
  m_RootOrder: 8
  m_LocalEulerAnglesHint: {x: 0, y: 0, z: 0}
  m_AnchorMin: {x: 0.5, y: 0.5}
  m_AnchorMax: {x: 0.5, y: 0.5}
  m_AnchoredPosition: {x: 0, y: -249}
  m_SizeDelta: {x: 1136, y: 143}
  m_Pivot: {x: 0.5, y: 0.5}
--- !u!114 &294308684
MonoBehaviour:
  m_ObjectHideFlags: 0
  m_PrefabParentObject: {fileID: 11409196, guid: e39e9a09a02695a4b8efddc53c60fec4,
    type: 2}
  m_PrefabInternal: {fileID: 1423957306}
  m_GameObject: {fileID: 294308682}
  m_Enabled: 1
  m_EditorHideFlags: 0
  m_Script: {fileID: -765806418, guid: f5f67c52d1564df4a8936ccd202a3bd8, type: 3}
  m_Name: 
  m_EditorClassIdentifier: 
  m_Material: {fileID: 0}
  m_Color: {r: 0.18431373, g: 0.18431373, b: 0.22745098, a: 1}
  m_RaycastTarget: 1
  m_OnCullStateChanged:
    m_PersistentCalls:
      m_Calls: []
    m_TypeName: UnityEngine.UI.MaskableGraphic+CullStateChangedEvent, UnityEngine.UI,
      Version=1.0.0.0, Culture=neutral, PublicKeyToken=null
  m_Sprite: {fileID: 21300000, guid: 7ed1238760b863f4aafde32ab3a6f28c, type: 3}
  m_Type: 1
  m_PreserveAspect: 0
  m_FillCenter: 1
  m_FillMethod: 4
  m_FillAmount: 1
  m_FillClockwise: 1
  m_FillOrigin: 0
--- !u!222 &294308685
CanvasRenderer:
  m_ObjectHideFlags: 0
  m_PrefabParentObject: {fileID: 22209196, guid: e39e9a09a02695a4b8efddc53c60fec4,
    type: 2}
  m_PrefabInternal: {fileID: 1423957306}
  m_GameObject: {fileID: 294308682}
--- !u!1 &428395270
GameObject:
  m_ObjectHideFlags: 0
  m_PrefabParentObject: {fileID: 109214, guid: e39e9a09a02695a4b8efddc53c60fec4, type: 2}
  m_PrefabInternal: {fileID: 1423957306}
  serializedVersion: 5
  m_Component:
  - component: {fileID: 428395271}
  - component: {fileID: 428395273}
  - component: {fileID: 428395272}
  m_Layer: 5
  m_Name: Text
  m_TagString: Untagged
  m_Icon: {fileID: 0}
  m_NavMeshLayer: 0
  m_StaticEditorFlags: 0
  m_IsActive: 1
--- !u!224 &428395271
RectTransform:
  m_ObjectHideFlags: 0
  m_PrefabParentObject: {fileID: 22409214, guid: e39e9a09a02695a4b8efddc53c60fec4,
    type: 2}
  m_PrefabInternal: {fileID: 1423957306}
  m_GameObject: {fileID: 428395270}
  m_LocalRotation: {x: 0, y: 0, z: 0, w: 1}
  m_LocalPosition: {x: 0, y: 0, z: 0}
  m_LocalScale: {x: 1, y: 1, z: 1}
  m_Children: []
  m_Father: {fileID: 294308683}
  m_RootOrder: 2
  m_LocalEulerAnglesHint: {x: 0, y: 0, z: 0}
  m_AnchorMin: {x: 0.5, y: 0.5}
  m_AnchorMax: {x: 0.5, y: 0.5}
  m_AnchoredPosition: {x: -240, y: 0}
  m_SizeDelta: {x: 430, y: 102}
  m_Pivot: {x: 0.5, y: 0.5}
--- !u!114 &428395272
MonoBehaviour:
  m_ObjectHideFlags: 0
  m_PrefabParentObject: {fileID: 11409218, guid: e39e9a09a02695a4b8efddc53c60fec4,
    type: 2}
  m_PrefabInternal: {fileID: 1423957306}
  m_GameObject: {fileID: 428395270}
  m_Enabled: 1
  m_EditorHideFlags: 0
  m_Script: {fileID: 708705254, guid: f5f67c52d1564df4a8936ccd202a3bd8, type: 3}
  m_Name: 
  m_EditorClassIdentifier: 
  m_Material: {fileID: 0}
  m_Color: {r: 0.12156863, g: 0.81960785, b: 0.5686275, a: 1}
  m_RaycastTarget: 1
  m_OnCullStateChanged:
    m_PersistentCalls:
      m_Calls: []
    m_TypeName: UnityEngine.UI.MaskableGraphic+CullStateChangedEvent, UnityEngine.UI,
      Version=1.0.0.0, Culture=neutral, PublicKeyToken=null
  m_FontData:
    m_Font: {fileID: 12800000, guid: 7dfc2e1472ac84e1bb749a8a9f934483, type: 3}
    m_FontSize: 40
    m_FontStyle: 0
    m_BestFit: 0
    m_MinSize: 10
    m_MaxSize: 40
    m_Alignment: 3
    m_AlignByGeometry: 0
    m_RichText: 1
    m_HorizontalOverflow: 0
    m_VerticalOverflow: 0
    m_LineSpacing: 1
  m_Text: DISTANCE 200
--- !u!222 &428395273
CanvasRenderer:
  m_ObjectHideFlags: 0
  m_PrefabParentObject: {fileID: 22209212, guid: e39e9a09a02695a4b8efddc53c60fec4,
    type: 2}
  m_PrefabInternal: {fileID: 1423957306}
  m_GameObject: {fileID: 428395270}
--- !u!1 &596286793
GameObject:
  m_ObjectHideFlags: 0
  m_PrefabParentObject: {fileID: 109212, guid: e39e9a09a02695a4b8efddc53c60fec4, type: 2}
  m_PrefabInternal: {fileID: 1423957306}
  serializedVersion: 5
  m_Component:
  - component: {fileID: 596286794}
  - component: {fileID: 596286796}
  - component: {fileID: 596286795}
  m_Layer: 5
  m_Name: MapBlocks
  m_TagString: Untagged
  m_Icon: {fileID: 0}
  m_NavMeshLayer: 0
  m_StaticEditorFlags: 0
  m_IsActive: 1
--- !u!224 &596286794
RectTransform:
  m_ObjectHideFlags: 0
  m_PrefabParentObject: {fileID: 22409212, guid: e39e9a09a02695a4b8efddc53c60fec4,
    type: 2}
  m_PrefabInternal: {fileID: 1423957306}
  m_GameObject: {fileID: 596286793}
  m_LocalRotation: {x: 0, y: 0, z: 0, w: 1}
  m_LocalPosition: {x: 0, y: 0, z: 0}
  m_LocalScale: {x: 1, y: 1, z: 1}
  m_Children: []
  m_Father: {fileID: 1513725710}
  m_RootOrder: 3
  m_LocalEulerAnglesHint: {x: 0, y: 0, z: 0}
  m_AnchorMin: {x: 0.5, y: 0.5}
  m_AnchorMax: {x: 0.5, y: 0.5}
  m_AnchoredPosition: {x: 388, y: 249}
  m_SizeDelta: {x: 61, y: 142}
  m_Pivot: {x: 0.5, y: 0.5}
--- !u!114 &596286795
MonoBehaviour:
  m_ObjectHideFlags: 0
  m_PrefabParentObject: {fileID: 11409216, guid: e39e9a09a02695a4b8efddc53c60fec4,
    type: 2}
  m_PrefabInternal: {fileID: 1423957306}
  m_GameObject: {fileID: 596286793}
  m_Enabled: 1
  m_EditorHideFlags: 0
  m_Script: {fileID: -765806418, guid: f5f67c52d1564df4a8936ccd202a3bd8, type: 3}
  m_Name: 
  m_EditorClassIdentifier: 
  m_Material: {fileID: 0}
  m_Color: {r: 0.18431373, g: 0.18431373, b: 0.22745098, a: 1}
  m_RaycastTarget: 1
  m_OnCullStateChanged:
    m_PersistentCalls:
      m_Calls: []
    m_TypeName: UnityEngine.UI.MaskableGraphic+CullStateChangedEvent, UnityEngine.UI,
      Version=1.0.0.0, Culture=neutral, PublicKeyToken=null
  m_Sprite: {fileID: 21300000, guid: 7ed1238760b863f4aafde32ab3a6f28c, type: 3}
  m_Type: 1
  m_PreserveAspect: 0
  m_FillCenter: 1
  m_FillMethod: 4
  m_FillAmount: 1
  m_FillClockwise: 1
  m_FillOrigin: 0
--- !u!222 &596286796
CanvasRenderer:
  m_ObjectHideFlags: 0
  m_PrefabParentObject: {fileID: 22209210, guid: e39e9a09a02695a4b8efddc53c60fec4,
    type: 2}
  m_PrefabInternal: {fileID: 1423957306}
  m_GameObject: {fileID: 596286793}
--- !u!1 &647512983
GameObject:
  m_ObjectHideFlags: 0
  m_PrefabParentObject: {fileID: 109228, guid: e39e9a09a02695a4b8efddc53c60fec4, type: 2}
  m_PrefabInternal: {fileID: 1423957306}
  serializedVersion: 5
  m_Component:
  - component: {fileID: 647512984}
  - component: {fileID: 647512986}
  - component: {fileID: 647512985}
  m_Layer: 5
  m_Name: MapBlocks
  m_TagString: Untagged
  m_Icon: {fileID: 0}
  m_NavMeshLayer: 0
  m_StaticEditorFlags: 0
  m_IsActive: 1
--- !u!224 &647512984
RectTransform:
  m_ObjectHideFlags: 0
  m_PrefabParentObject: {fileID: 22409228, guid: e39e9a09a02695a4b8efddc53c60fec4,
    type: 2}
  m_PrefabInternal: {fileID: 1423957306}
  m_GameObject: {fileID: 647512983}
  m_LocalRotation: {x: 0, y: 0, z: 0, w: 1}
  m_LocalPosition: {x: 0, y: 0, z: 0}
  m_LocalScale: {x: 1, y: 1, z: 1}
  m_Children: []
  m_Father: {fileID: 1513725710}
  m_RootOrder: 6
  m_LocalEulerAnglesHint: {x: 0, y: 0, z: 0}
  m_AnchorMin: {x: 0.5, y: 0.5}
  m_AnchorMax: {x: 0.5, y: 0.5}
  m_AnchoredPosition: {x: 182, y: -150.5}
  m_SizeDelta: {x: 61, y: 138}
  m_Pivot: {x: 0.5, y: 0.5}
--- !u!114 &647512985
MonoBehaviour:
  m_ObjectHideFlags: 0
  m_PrefabParentObject: {fileID: 11409232, guid: e39e9a09a02695a4b8efddc53c60fec4,
    type: 2}
  m_PrefabInternal: {fileID: 1423957306}
  m_GameObject: {fileID: 647512983}
  m_Enabled: 1
  m_EditorHideFlags: 0
  m_Script: {fileID: -765806418, guid: f5f67c52d1564df4a8936ccd202a3bd8, type: 3}
  m_Name: 
  m_EditorClassIdentifier: 
  m_Material: {fileID: 0}
  m_Color: {r: 0.18431373, g: 0.18431373, b: 0.22745098, a: 1}
  m_RaycastTarget: 1
  m_OnCullStateChanged:
    m_PersistentCalls:
      m_Calls: []
    m_TypeName: UnityEngine.UI.MaskableGraphic+CullStateChangedEvent, UnityEngine.UI,
      Version=1.0.0.0, Culture=neutral, PublicKeyToken=null
  m_Sprite: {fileID: 21300000, guid: 7ed1238760b863f4aafde32ab3a6f28c, type: 3}
  m_Type: 1
  m_PreserveAspect: 0
  m_FillCenter: 1
  m_FillMethod: 4
  m_FillAmount: 1
  m_FillClockwise: 1
  m_FillOrigin: 0
--- !u!222 &647512986
CanvasRenderer:
  m_ObjectHideFlags: 0
  m_PrefabParentObject: {fileID: 22209226, guid: e39e9a09a02695a4b8efddc53c60fec4,
    type: 2}
  m_PrefabInternal: {fileID: 1423957306}
  m_GameObject: {fileID: 647512983}
--- !u!1 &758005556
GameObject:
  m_ObjectHideFlags: 0
  m_PrefabParentObject: {fileID: 109188, guid: e39e9a09a02695a4b8efddc53c60fec4, type: 2}
  m_PrefabInternal: {fileID: 1423957306}
  serializedVersion: 5
  m_Component:
  - component: {fileID: 758005557}
  - component: {fileID: 758005559}
  - component: {fileID: 758005558}
  m_Layer: 5
  m_Name: MapBlocks
  m_TagString: Untagged
  m_Icon: {fileID: 0}
  m_NavMeshLayer: 0
  m_StaticEditorFlags: 0
  m_IsActive: 1
--- !u!224 &758005557
RectTransform:
  m_ObjectHideFlags: 0
  m_PrefabParentObject: {fileID: 22409188, guid: e39e9a09a02695a4b8efddc53c60fec4,
    type: 2}
  m_PrefabInternal: {fileID: 1423957306}
  m_GameObject: {fileID: 758005556}
  m_LocalRotation: {x: 0, y: 0, z: 0, w: 1}
  m_LocalPosition: {x: 0, y: 0, z: 0}
  m_LocalScale: {x: 1, y: 1, z: 1}
  m_Children: []
  m_Father: {fileID: 1513725710}
  m_RootOrder: 0
  m_LocalEulerAnglesHint: {x: 0, y: 0, z: 0}
  m_AnchorMin: {x: 0.5, y: 0.5}
  m_AnchorMax: {x: 0.5, y: 0.5}
  m_AnchoredPosition: {x: -78, y: -92}
  m_SizeDelta: {x: 61, y: 255}
  m_Pivot: {x: 0.5, y: 0.5}
--- !u!114 &758005558
MonoBehaviour:
  m_ObjectHideFlags: 0
  m_PrefabParentObject: {fileID: 11409188, guid: e39e9a09a02695a4b8efddc53c60fec4,
    type: 2}
  m_PrefabInternal: {fileID: 1423957306}
  m_GameObject: {fileID: 758005556}
  m_Enabled: 1
  m_EditorHideFlags: 0
  m_Script: {fileID: -765806418, guid: f5f67c52d1564df4a8936ccd202a3bd8, type: 3}
  m_Name: 
  m_EditorClassIdentifier: 
  m_Material: {fileID: 0}
  m_Color: {r: 0.18431373, g: 0.18431373, b: 0.22745098, a: 1}
  m_RaycastTarget: 1
  m_OnCullStateChanged:
    m_PersistentCalls:
      m_Calls: []
    m_TypeName: UnityEngine.UI.MaskableGraphic+CullStateChangedEvent, UnityEngine.UI,
      Version=1.0.0.0, Culture=neutral, PublicKeyToken=null
  m_Sprite: {fileID: 21300000, guid: 7ed1238760b863f4aafde32ab3a6f28c, type: 3}
  m_Type: 1
  m_PreserveAspect: 0
  m_FillCenter: 1
  m_FillMethod: 4
  m_FillAmount: 1
  m_FillClockwise: 1
  m_FillOrigin: 0
--- !u!222 &758005559
CanvasRenderer:
  m_ObjectHideFlags: 0
  m_PrefabParentObject: {fileID: 22209188, guid: e39e9a09a02695a4b8efddc53c60fec4,
    type: 2}
  m_PrefabInternal: {fileID: 1423957306}
  m_GameObject: {fileID: 758005556}
--- !u!1 &910411406
GameObject:
  m_ObjectHideFlags: 0
  m_PrefabParentObject: {fileID: 109216, guid: e39e9a09a02695a4b8efddc53c60fec4, type: 2}
  m_PrefabInternal: {fileID: 1423957306}
  serializedVersion: 5
  m_Component:
  - component: {fileID: 910411407}
  - component: {fileID: 910411409}
  - component: {fileID: 910411408}
  m_Layer: 5
  m_Name: Panel
  m_TagString: Untagged
  m_Icon: {fileID: 0}
  m_NavMeshLayer: 0
  m_StaticEditorFlags: 0
  m_IsActive: 1
--- !u!224 &910411407
RectTransform:
  m_ObjectHideFlags: 0
  m_PrefabParentObject: {fileID: 22409216, guid: e39e9a09a02695a4b8efddc53c60fec4,
    type: 2}
  m_PrefabInternal: {fileID: 1423957306}
  m_GameObject: {fileID: 910411406}
  m_LocalRotation: {x: 0, y: 0, z: 0, w: 1}
  m_LocalPosition: {x: 0, y: 0, z: 0}
  m_LocalScale: {x: 1, y: 1, z: 1}
  m_Children: []
  m_Father: {fileID: 1937910058}
  m_RootOrder: 1
  m_LocalEulerAnglesHint: {x: 0, y: 0, z: 0}
  m_AnchorMin: {x: 0.5, y: 0.5}
  m_AnchorMax: {x: 0.5, y: 0.5}
  m_AnchoredPosition: {x: 11.199951, y: 6.699997}
  m_SizeDelta: {x: 21.7, y: 5.4}
  m_Pivot: {x: 0.5, y: 0.5}
--- !u!114 &910411408
MonoBehaviour:
  m_ObjectHideFlags: 0
  m_PrefabParentObject: {fileID: 11409220, guid: e39e9a09a02695a4b8efddc53c60fec4,
    type: 2}
  m_PrefabInternal: {fileID: 1423957306}
  m_GameObject: {fileID: 910411406}
  m_Enabled: 1
  m_EditorHideFlags: 0
  m_Script: {fileID: -765806418, guid: f5f67c52d1564df4a8936ccd202a3bd8, type: 3}
  m_Name: 
  m_EditorClassIdentifier: 
  m_Material: {fileID: 0}
  m_Color: {r: 0.8745098, g: 0.84313726, b: 0.8039216, a: 1}
  m_RaycastTarget: 1
  m_OnCullStateChanged:
    m_PersistentCalls:
      m_Calls: []
    m_TypeName: UnityEngine.UI.MaskableGraphic+CullStateChangedEvent, UnityEngine.UI,
      Version=1.0.0.0, Culture=neutral, PublicKeyToken=null
  m_Sprite: {fileID: 21300000, guid: 7ed1238760b863f4aafde32ab3a6f28c, type: 3}
  m_Type: 1
  m_PreserveAspect: 0
  m_FillCenter: 1
  m_FillMethod: 4
  m_FillAmount: 1
  m_FillClockwise: 1
  m_FillOrigin: 0
--- !u!222 &910411409
CanvasRenderer:
  m_ObjectHideFlags: 0
  m_PrefabParentObject: {fileID: 22209214, guid: e39e9a09a02695a4b8efddc53c60fec4,
    type: 2}
  m_PrefabInternal: {fileID: 1423957306}
  m_GameObject: {fileID: 910411406}
--- !u!1 &1092828965
GameObject:
  m_ObjectHideFlags: 0
  m_PrefabParentObject: {fileID: 109226, guid: e39e9a09a02695a4b8efddc53c60fec4, type: 2}
  m_PrefabInternal: {fileID: 1423957306}
  serializedVersion: 5
  m_Component:
  - component: {fileID: 1092828966}
  - component: {fileID: 1092828968}
  - component: {fileID: 1092828967}
  m_Layer: 5
  m_Name: MapBlocks
  m_TagString: Untagged
  m_Icon: {fileID: 0}
  m_NavMeshLayer: 0
  m_StaticEditorFlags: 0
  m_IsActive: 1
--- !u!224 &1092828966
RectTransform:
  m_ObjectHideFlags: 0
  m_PrefabParentObject: {fileID: 22409226, guid: e39e9a09a02695a4b8efddc53c60fec4,
    type: 2}
  m_PrefabInternal: {fileID: 1423957306}
  m_GameObject: {fileID: 1092828965}
  m_LocalRotation: {x: 0, y: 0, z: 0, w: 1}
  m_LocalPosition: {x: 0, y: 0, z: 0}
  m_LocalScale: {x: 1, y: 1, z: 1}
  m_Children: []
  m_Father: {fileID: 1513725710}
  m_RootOrder: 4
  m_LocalEulerAnglesHint: {x: 0, y: 0, z: 0}
  m_AnchorMin: {x: 0.5, y: 0.5}
  m_AnchorMax: {x: 0.5, y: 0.5}
  m_AnchoredPosition: {x: 388, y: -92}
  m_SizeDelta: {x: 61, y: 255}
  m_Pivot: {x: 0.5, y: 0.5}
--- !u!114 &1092828967
MonoBehaviour:
  m_ObjectHideFlags: 0
  m_PrefabParentObject: {fileID: 11409230, guid: e39e9a09a02695a4b8efddc53c60fec4,
    type: 2}
  m_PrefabInternal: {fileID: 1423957306}
  m_GameObject: {fileID: 1092828965}
  m_Enabled: 1
  m_EditorHideFlags: 0
  m_Script: {fileID: -765806418, guid: f5f67c52d1564df4a8936ccd202a3bd8, type: 3}
  m_Name: 
  m_EditorClassIdentifier: 
  m_Material: {fileID: 0}
  m_Color: {r: 0.18431373, g: 0.18431373, b: 0.22745098, a: 1}
  m_RaycastTarget: 1
  m_OnCullStateChanged:
    m_PersistentCalls:
      m_Calls: []
    m_TypeName: UnityEngine.UI.MaskableGraphic+CullStateChangedEvent, UnityEngine.UI,
      Version=1.0.0.0, Culture=neutral, PublicKeyToken=null
  m_Sprite: {fileID: 21300000, guid: 7ed1238760b863f4aafde32ab3a6f28c, type: 3}
  m_Type: 1
  m_PreserveAspect: 0
  m_FillCenter: 1
  m_FillMethod: 4
  m_FillAmount: 1
  m_FillClockwise: 1
  m_FillOrigin: 0
--- !u!222 &1092828968
CanvasRenderer:
  m_ObjectHideFlags: 0
  m_PrefabParentObject: {fileID: 22209224, guid: e39e9a09a02695a4b8efddc53c60fec4,
    type: 2}
  m_PrefabInternal: {fileID: 1423957306}
  m_GameObject: {fileID: 1092828965}
--- !u!1 &1136121948
GameObject:
  m_ObjectHideFlags: 0
  m_PrefabParentObject: {fileID: 109210, guid: e39e9a09a02695a4b8efddc53c60fec4, type: 2}
  m_PrefabInternal: {fileID: 1423957306}
  serializedVersion: 5
  m_Component:
  - component: {fileID: 1136121952}
  - component: {fileID: 1136121951}
  - component: {fileID: 1136121950}
  - component: {fileID: 1136121949}
  m_Layer: 5
  m_Name: GameExample_6
  m_TagString: Untagged
  m_Icon: {fileID: 0}
  m_NavMeshLayer: 0
  m_StaticEditorFlags: 0
  m_IsActive: 1
--- !u!114 &1136121949
MonoBehaviour:
  m_ObjectHideFlags: 0
  m_PrefabParentObject: {fileID: 11409212, guid: e39e9a09a02695a4b8efddc53c60fec4,
    type: 2}
  m_PrefabInternal: {fileID: 1423957306}
  m_GameObject: {fileID: 1136121948}
  m_Enabled: 1
  m_EditorHideFlags: 0
  m_Script: {fileID: 1301386320, guid: f5f67c52d1564df4a8936ccd202a3bd8, type: 3}
  m_Name: 
  m_EditorClassIdentifier: 
  m_IgnoreReversedGraphics: 1
  m_BlockingObjects: 0
  m_BlockingMask:
    serializedVersion: 2
    m_Bits: 4294967295
--- !u!114 &1136121950
MonoBehaviour:
  m_ObjectHideFlags: 0
  m_PrefabParentObject: {fileID: 11409214, guid: e39e9a09a02695a4b8efddc53c60fec4,
    type: 2}
  m_PrefabInternal: {fileID: 1423957306}
  m_GameObject: {fileID: 1136121948}
  m_Enabled: 1
  m_EditorHideFlags: 0
  m_Script: {fileID: 1980459831, guid: f5f67c52d1564df4a8936ccd202a3bd8, type: 3}
  m_Name: 
  m_EditorClassIdentifier: 
  m_UiScaleMode: 1
  m_ReferencePixelsPerUnit: 100
  m_ScaleFactor: 1
  m_ReferenceResolution: {x: 1136, y: 640}
  m_ScreenMatchMode: 0
  m_MatchWidthOrHeight: 0
  m_PhysicalUnit: 3
  m_FallbackScreenDPI: 96
  m_DefaultSpriteDPI: 96
  m_DynamicPixelsPerUnit: 1
--- !u!223 &1136121951
Canvas:
  m_ObjectHideFlags: 0
  m_PrefabParentObject: {fileID: 22309186, guid: e39e9a09a02695a4b8efddc53c60fec4,
    type: 2}
  m_PrefabInternal: {fileID: 1423957306}
  m_GameObject: {fileID: 1136121948}
  m_Enabled: 1
  serializedVersion: 3
  m_RenderMode: 0
  m_Camera: {fileID: 0}
  m_PlaneDistance: 100
  m_PixelPerfect: 1
  m_ReceivesEvents: 1
  m_OverrideSorting: 0
  m_OverridePixelPerfect: 0
  m_SortingBucketNormalizedSize: 0
  m_AdditionalShaderChannelsFlag: 25
  m_SortingLayerID: 0
  m_SortingOrder: 0
  m_TargetDisplay: 0
--- !u!224 &1136121952
RectTransform:
  m_ObjectHideFlags: 0
  m_PrefabParentObject: {fileID: 22409210, guid: e39e9a09a02695a4b8efddc53c60fec4,
    type: 2}
  m_PrefabInternal: {fileID: 1423957306}
  m_GameObject: {fileID: 1136121948}
  m_LocalRotation: {x: 0, y: 0, z: 0, w: 1}
  m_LocalPosition: {x: 0, y: 0, z: 0}
  m_LocalScale: {x: 0, y: 0, z: 0}
  m_Children:
  - {fileID: 1479163602}
  - {fileID: 1513725710}
  m_Father: {fileID: 0}
  m_RootOrder: 0
  m_LocalEulerAnglesHint: {x: 0, y: 0, z: 0}
  m_AnchorMin: {x: 0, y: 0}
  m_AnchorMax: {x: 0, y: 0}
  m_AnchoredPosition: {x: 0, y: 0}
  m_SizeDelta: {x: 0, y: 0}
  m_Pivot: {x: 0, y: 0}
--- !u!1 &1198188116
GameObject:
  m_ObjectHideFlags: 0
  m_PrefabParentObject: {fileID: 109192, guid: e39e9a09a02695a4b8efddc53c60fec4, type: 2}
  m_PrefabInternal: {fileID: 1423957306}
  serializedVersion: 5
  m_Component:
  - component: {fileID: 1198188117}
  - component: {fileID: 1198188119}
  - component: {fileID: 1198188118}
  m_Layer: 5
  m_Name: MapBlocks
  m_TagString: Untagged
  m_Icon: {fileID: 0}
  m_NavMeshLayer: 0
  m_StaticEditorFlags: 0
  m_IsActive: 1
--- !u!224 &1198188117
RectTransform:
  m_ObjectHideFlags: 0
  m_PrefabParentObject: {fileID: 22409192, guid: e39e9a09a02695a4b8efddc53c60fec4,
    type: 2}
  m_PrefabInternal: {fileID: 1423957306}
  m_GameObject: {fileID: 1198188116}
  m_LocalRotation: {x: 0, y: 0, z: 0, w: 1}
  m_LocalPosition: {x: 0, y: 0, z: 0}
  m_LocalScale: {x: 1, y: 1, z: 1}
  m_Children: []
  m_Father: {fileID: 1513725710}
  m_RootOrder: 2
  m_LocalEulerAnglesHint: {x: 0, y: 0, z: 0}
  m_AnchorMin: {x: 0.5, y: 0.5}
  m_AnchorMax: {x: 0.5, y: 0.5}
  m_AnchoredPosition: {x: 182, y: 177.25}
  m_SizeDelta: {x: 61, y: 283.5}
  m_Pivot: {x: 0.5, y: 0.5}
--- !u!114 &1198188118
MonoBehaviour:
  m_ObjectHideFlags: 0
  m_PrefabParentObject: {fileID: 11409192, guid: e39e9a09a02695a4b8efddc53c60fec4,
    type: 2}
  m_PrefabInternal: {fileID: 1423957306}
  m_GameObject: {fileID: 1198188116}
  m_Enabled: 1
  m_EditorHideFlags: 0
  m_Script: {fileID: -765806418, guid: f5f67c52d1564df4a8936ccd202a3bd8, type: 3}
  m_Name: 
  m_EditorClassIdentifier: 
  m_Material: {fileID: 0}
  m_Color: {r: 0.18431373, g: 0.18431373, b: 0.22745098, a: 1}
  m_RaycastTarget: 1
  m_OnCullStateChanged:
    m_PersistentCalls:
      m_Calls: []
    m_TypeName: UnityEngine.UI.MaskableGraphic+CullStateChangedEvent, UnityEngine.UI,
      Version=1.0.0.0, Culture=neutral, PublicKeyToken=null
  m_Sprite: {fileID: 21300000, guid: 7ed1238760b863f4aafde32ab3a6f28c, type: 3}
  m_Type: 1
  m_PreserveAspect: 0
  m_FillCenter: 1
  m_FillMethod: 4
  m_FillAmount: 1
  m_FillClockwise: 1
  m_FillOrigin: 0
--- !u!222 &1198188119
CanvasRenderer:
  m_ObjectHideFlags: 0
  m_PrefabParentObject: {fileID: 22209192, guid: e39e9a09a02695a4b8efddc53c60fec4,
    type: 2}
  m_PrefabInternal: {fileID: 1423957306}
  m_GameObject: {fileID: 1198188116}
--- !u!1 &1248959064
GameObject:
  m_ObjectHideFlags: 0
  m_PrefabParentObject: {fileID: 109198, guid: e39e9a09a02695a4b8efddc53c60fec4, type: 2}
  m_PrefabInternal: {fileID: 1423957306}
  serializedVersion: 5
  m_Component:
  - component: {fileID: 1248959065}
  - component: {fileID: 1248959067}
  - component: {fileID: 1248959066}
  m_Layer: 5
  m_Name: AppTitle
  m_TagString: Untagged
  m_Icon: {fileID: 0}
  m_NavMeshLayer: 0
  m_StaticEditorFlags: 0
  m_IsActive: 1
--- !u!224 &1248959065
RectTransform:
  m_ObjectHideFlags: 0
  m_PrefabParentObject: {fileID: 22409198, guid: e39e9a09a02695a4b8efddc53c60fec4,
    type: 2}
  m_PrefabInternal: {fileID: 1423957306}
  m_GameObject: {fileID: 1248959064}
  m_LocalRotation: {x: 0, y: 0, z: 0, w: 1}
  m_LocalPosition: {x: 0, y: 0, z: 0}
  m_LocalScale: {x: 1, y: 1, z: 1}
  m_Children: []
  m_Father: {fileID: 1479163602}
  m_RootOrder: 0
  m_LocalEulerAnglesHint: {x: 0, y: 0, z: 0}
  m_AnchorMin: {x: 0.5, y: 0.5}
  m_AnchorMax: {x: 0.5, y: 0.5}
  m_AnchoredPosition: {x: 295, y: -68}
  m_SizeDelta: {x: 695, y: 109}
  m_Pivot: {x: 0.5, y: 0.5}
--- !u!114 &1248959066
MonoBehaviour:
  m_ObjectHideFlags: 0
  m_PrefabParentObject: {fileID: 11409198, guid: e39e9a09a02695a4b8efddc53c60fec4,
    type: 2}
  m_PrefabInternal: {fileID: 1423957306}
  m_GameObject: {fileID: 1248959064}
  m_Enabled: 1
  m_EditorHideFlags: 0
  m_Script: {fileID: 708705254, guid: f5f67c52d1564df4a8936ccd202a3bd8, type: 3}
  m_Name: 
  m_EditorClassIdentifier: 
  m_Material: {fileID: 0}
  m_Color: {r: 0.85490197, g: 0.85490197, b: 0.85490197, a: 1}
  m_RaycastTarget: 1
  m_OnCullStateChanged:
    m_PersistentCalls:
      m_Calls: []
    m_TypeName: UnityEngine.UI.MaskableGraphic+CullStateChangedEvent, UnityEngine.UI,
      Version=1.0.0.0, Culture=neutral, PublicKeyToken=null
  m_FontData:
    m_Font: {fileID: 12800000, guid: 218956a5c2a6e42d6a60afccf80b002b, type: 3}
    m_FontSize: 40
    m_FontStyle: 0
    m_BestFit: 0
    m_MinSize: 10
    m_MaxSize: 40
    m_Alignment: 0
    m_AlignByGeometry: 0
    m_RichText: 1
    m_HorizontalOverflow: 0
    m_VerticalOverflow: 1
    m_LineSpacing: 1
  m_Text: EXAMPLE
--- !u!222 &1248959067
CanvasRenderer:
  m_ObjectHideFlags: 0
  m_PrefabParentObject: {fileID: 22209198, guid: e39e9a09a02695a4b8efddc53c60fec4,
    type: 2}
  m_PrefabInternal: {fileID: 1423957306}
  m_GameObject: {fileID: 1248959064}
--- !u!1 &1309008518
GameObject:
  m_ObjectHideFlags: 0
  m_PrefabParentObject: {fileID: 109194, guid: e39e9a09a02695a4b8efddc53c60fec4, type: 2}
  m_PrefabInternal: {fileID: 1423957306}
  serializedVersion: 5
  m_Component:
  - component: {fileID: 1309008519}
  - component: {fileID: 1309008521}
  - component: {fileID: 1309008520}
  m_Layer: 5
  m_Name: Text
  m_TagString: Untagged
  m_Icon: {fileID: 0}
  m_NavMeshLayer: 0
  m_StaticEditorFlags: 0
  m_IsActive: 1
--- !u!224 &1309008519
RectTransform:
  m_ObjectHideFlags: 0
  m_PrefabParentObject: {fileID: 22409194, guid: e39e9a09a02695a4b8efddc53c60fec4,
    type: 2}
  m_PrefabInternal: {fileID: 1423957306}
  m_GameObject: {fileID: 1309008518}
  m_LocalRotation: {x: 0, y: 0, z: -0.21122366, w: -0.9774378}
  m_LocalPosition: {x: 0, y: 0, z: 0}
  m_LocalScale: {x: 1, y: 1, z: 1}
  m_Children: []
  m_Father: {fileID: 1937910058}
  m_RootOrder: 4
  m_LocalEulerAnglesHint: {x: 0, y: 0, z: 0}
  m_AnchorMin: {x: 0.5, y: 0.5}
  m_AnchorMax: {x: 0.5, y: 0.5}
  m_AnchoredPosition: {x: -78.992325, y: 94.260956}
  m_SizeDelta: {x: 132, y: 102}
  m_Pivot: {x: 0.5, y: 0.5}
--- !u!114 &1309008520
MonoBehaviour:
  m_ObjectHideFlags: 0
  m_PrefabParentObject: {fileID: 11409194, guid: e39e9a09a02695a4b8efddc53c60fec4,
    type: 2}
  m_PrefabInternal: {fileID: 1423957306}
  m_GameObject: {fileID: 1309008518}
  m_Enabled: 1
  m_EditorHideFlags: 0
  m_Script: {fileID: 708705254, guid: f5f67c52d1564df4a8936ccd202a3bd8, type: 3}
  m_Name: 
  m_EditorClassIdentifier: 
  m_Material: {fileID: 0}
  m_Color: {r: 0.12156863, g: 0.81960785, b: 0.5686275, a: 1}
  m_RaycastTarget: 1
  m_OnCullStateChanged:
    m_PersistentCalls:
      m_Calls: []
    m_TypeName: UnityEngine.UI.MaskableGraphic+CullStateChangedEvent, UnityEngine.UI,
      Version=1.0.0.0, Culture=neutral, PublicKeyToken=null
  m_FontData:
    m_Font: {fileID: 12800000, guid: 7dfc2e1472ac84e1bb749a8a9f934483, type: 3}
    m_FontSize: 40
    m_FontStyle: 0
    m_BestFit: 0
    m_MinSize: 10
    m_MaxSize: 40
    m_Alignment: 4
    m_AlignByGeometry: 0
    m_RichText: 1
    m_HorizontalOverflow: 0
    m_VerticalOverflow: 0
    m_LineSpacing: 1
  m_Text: TAP
--- !u!222 &1309008521
CanvasRenderer:
  m_ObjectHideFlags: 0
  m_PrefabParentObject: {fileID: 22209194, guid: e39e9a09a02695a4b8efddc53c60fec4,
    type: 2}
  m_PrefabInternal: {fileID: 1423957306}
  m_GameObject: {fileID: 1309008518}
--- !u!1 &1396634984
GameObject:
  m_ObjectHideFlags: 0
  m_PrefabParentObject: {fileID: 109208, guid: e39e9a09a02695a4b8efddc53c60fec4, type: 2}
  m_PrefabInternal: {fileID: 1423957306}
  serializedVersion: 5
  m_Component:
  - component: {fileID: 1396634985}
  - component: {fileID: 1396634987}
  - component: {fileID: 1396634986}
  m_Layer: 5
  m_Name: Text
  m_TagString: Untagged
  m_Icon: {fileID: 0}
  m_NavMeshLayer: 0
  m_StaticEditorFlags: 0
  m_IsActive: 1
--- !u!224 &1396634985
RectTransform:
  m_ObjectHideFlags: 0
  m_PrefabParentObject: {fileID: 22409208, guid: e39e9a09a02695a4b8efddc53c60fec4,
    type: 2}
  m_PrefabInternal: {fileID: 1423957306}
  m_GameObject: {fileID: 1396634984}
  m_LocalRotation: {x: 0, y: 0, z: 0.05749819, w: 0.9983457}
  m_LocalPosition: {x: 0, y: 0, z: 0}
  m_LocalScale: {x: 1, y: 1, z: 1}
  m_Children: []
  m_Father: {fileID: 1937910058}
  m_RootOrder: 3
  m_LocalEulerAnglesHint: {x: 0, y: 0, z: 0}
  m_AnchorMin: {x: 0.5, y: 0.5}
  m_AnchorMax: {x: 0.5, y: 0.5}
  m_AnchoredPosition: {x: -139.3003, y: 36.720123}
  m_SizeDelta: {x: 132, y: 102}
  m_Pivot: {x: 0.5, y: 0.5}
--- !u!114 &1396634986
MonoBehaviour:
  m_ObjectHideFlags: 0
  m_PrefabParentObject: {fileID: 11409210, guid: e39e9a09a02695a4b8efddc53c60fec4,
    type: 2}
  m_PrefabInternal: {fileID: 1423957306}
  m_GameObject: {fileID: 1396634984}
  m_Enabled: 1
  m_EditorHideFlags: 0
  m_Script: {fileID: 708705254, guid: f5f67c52d1564df4a8936ccd202a3bd8, type: 3}
  m_Name: 
  m_EditorClassIdentifier: 
  m_Material: {fileID: 0}
  m_Color: {r: 0.12156863, g: 0.81960785, b: 0.5686275, a: 1}
  m_RaycastTarget: 1
  m_OnCullStateChanged:
    m_PersistentCalls:
      m_Calls: []
    m_TypeName: UnityEngine.UI.MaskableGraphic+CullStateChangedEvent, UnityEngine.UI,
      Version=1.0.0.0, Culture=neutral, PublicKeyToken=null
  m_FontData:
    m_Font: {fileID: 12800000, guid: 7dfc2e1472ac84e1bb749a8a9f934483, type: 3}
    m_FontSize: 60
    m_FontStyle: 0
    m_BestFit: 0
    m_MinSize: 10
    m_MaxSize: 60
    m_Alignment: 4
    m_AlignByGeometry: 0
    m_RichText: 1
    m_HorizontalOverflow: 0
    m_VerticalOverflow: 0
    m_LineSpacing: 1
  m_Text: TAP
--- !u!222 &1396634987
CanvasRenderer:
  m_ObjectHideFlags: 0
  m_PrefabParentObject: {fileID: 22209208, guid: e39e9a09a02695a4b8efddc53c60fec4,
    type: 2}
  m_PrefabInternal: {fileID: 1423957306}
  m_GameObject: {fileID: 1396634984}
--- !u!1001 &1423957306
Prefab:
  m_ObjectHideFlags: 0
  serializedVersion: 2
  m_Modification:
    m_TransformParent: {fileID: 0}
    m_Modifications:
    - target: {fileID: 22409210, guid: e39e9a09a02695a4b8efddc53c60fec4, type: 2}
      propertyPath: m_LocalPosition.x
      value: 0
      objectReference: {fileID: 0}
    - target: {fileID: 22409210, guid: e39e9a09a02695a4b8efddc53c60fec4, type: 2}
      propertyPath: m_LocalPosition.y
      value: 0
      objectReference: {fileID: 0}
    - target: {fileID: 22409210, guid: e39e9a09a02695a4b8efddc53c60fec4, type: 2}
      propertyPath: m_LocalPosition.z
      value: 0
      objectReference: {fileID: 0}
    - target: {fileID: 22409210, guid: e39e9a09a02695a4b8efddc53c60fec4, type: 2}
      propertyPath: m_LocalRotation.x
      value: 0
      objectReference: {fileID: 0}
    - target: {fileID: 22409210, guid: e39e9a09a02695a4b8efddc53c60fec4, type: 2}
      propertyPath: m_LocalRotation.y
      value: 0
      objectReference: {fileID: 0}
    - target: {fileID: 22409210, guid: e39e9a09a02695a4b8efddc53c60fec4, type: 2}
      propertyPath: m_LocalRotation.z
      value: 0
      objectReference: {fileID: 0}
    - target: {fileID: 22409210, guid: e39e9a09a02695a4b8efddc53c60fec4, type: 2}
      propertyPath: m_LocalRotation.w
      value: 1
      objectReference: {fileID: 0}
    - target: {fileID: 22409210, guid: e39e9a09a02695a4b8efddc53c60fec4, type: 2}
      propertyPath: m_RootOrder
      value: 0
      objectReference: {fileID: 0}
    - target: {fileID: 22409210, guid: e39e9a09a02695a4b8efddc53c60fec4, type: 2}
      propertyPath: m_AnchoredPosition.x
      value: 0
      objectReference: {fileID: 0}
    - target: {fileID: 22409210, guid: e39e9a09a02695a4b8efddc53c60fec4, type: 2}
      propertyPath: m_AnchoredPosition.y
      value: 0
      objectReference: {fileID: 0}
    - target: {fileID: 22409210, guid: e39e9a09a02695a4b8efddc53c60fec4, type: 2}
      propertyPath: m_SizeDelta.x
      value: 0
      objectReference: {fileID: 0}
    - target: {fileID: 22409210, guid: e39e9a09a02695a4b8efddc53c60fec4, type: 2}
      propertyPath: m_SizeDelta.y
      value: 0
      objectReference: {fileID: 0}
    - target: {fileID: 22409210, guid: e39e9a09a02695a4b8efddc53c60fec4, type: 2}
      propertyPath: m_AnchorMin.x
      value: 0
      objectReference: {fileID: 0}
    - target: {fileID: 22409210, guid: e39e9a09a02695a4b8efddc53c60fec4, type: 2}
      propertyPath: m_AnchorMin.y
      value: 0
      objectReference: {fileID: 0}
    - target: {fileID: 22409210, guid: e39e9a09a02695a4b8efddc53c60fec4, type: 2}
      propertyPath: m_AnchorMax.x
      value: 0
      objectReference: {fileID: 0}
    - target: {fileID: 22409210, guid: e39e9a09a02695a4b8efddc53c60fec4, type: 2}
      propertyPath: m_AnchorMax.y
      value: 0
      objectReference: {fileID: 0}
    - target: {fileID: 22409210, guid: e39e9a09a02695a4b8efddc53c60fec4, type: 2}
      propertyPath: m_Pivot.x
      value: 0
      objectReference: {fileID: 0}
    - target: {fileID: 22409210, guid: e39e9a09a02695a4b8efddc53c60fec4, type: 2}
      propertyPath: m_Pivot.y
      value: 0
      objectReference: {fileID: 0}
    m_RemovedComponents: []
  m_ParentPrefab: {fileID: 100100000, guid: e39e9a09a02695a4b8efddc53c60fec4, type: 2}
  m_RootGameObject: {fileID: 1136121948}
  m_IsPrefabParent: 0
--- !u!1 &1462960914
GameObject:
  m_ObjectHideFlags: 0
  m_PrefabParentObject: {fileID: 109218, guid: e39e9a09a02695a4b8efddc53c60fec4, type: 2}
  m_PrefabInternal: {fileID: 1423957306}
  serializedVersion: 5
  m_Component:
  - component: {fileID: 1462960915}
  - component: {fileID: 1462960917}
  - component: {fileID: 1462960916}
  m_Layer: 5
  m_Name: Panel
  m_TagString: Untagged
  m_Icon: {fileID: 0}
  m_NavMeshLayer: 0
  m_StaticEditorFlags: 0
  m_IsActive: 1
--- !u!224 &1462960915
RectTransform:
  m_ObjectHideFlags: 0
  m_PrefabParentObject: {fileID: 22409218, guid: e39e9a09a02695a4b8efddc53c60fec4,
    type: 2}
  m_PrefabInternal: {fileID: 1423957306}
  m_GameObject: {fileID: 1462960914}
  m_LocalRotation: {x: 0, y: 0, z: 0, w: 1}
  m_LocalPosition: {x: 0, y: 0, z: 0}
  m_LocalScale: {x: 1, y: 1, z: 1}
  m_Children: []
  m_Father: {fileID: 1937910058}
  m_RootOrder: 0
  m_LocalEulerAnglesHint: {x: 0, y: 0, z: 0}
  m_AnchorMin: {x: 0.5, y: 0.5}
  m_AnchorMax: {x: 0.5, y: 0.5}
  m_AnchoredPosition: {x: 0, y: 18.400002}
  m_SizeDelta: {x: 57, y: 6.7}
  m_Pivot: {x: 0.5, y: 0.5}
--- !u!114 &1462960916
MonoBehaviour:
  m_ObjectHideFlags: 0
  m_PrefabParentObject: {fileID: 11409222, guid: e39e9a09a02695a4b8efddc53c60fec4,
    type: 2}
  m_PrefabInternal: {fileID: 1423957306}
  m_GameObject: {fileID: 1462960914}
  m_Enabled: 1
  m_EditorHideFlags: 0
  m_Script: {fileID: -765806418, guid: f5f67c52d1564df4a8936ccd202a3bd8, type: 3}
  m_Name: 
  m_EditorClassIdentifier: 
  m_Material: {fileID: 0}
  m_Color: {r: 0.9529412, g: 0.2901961, b: 0.4117647, a: 1}
  m_RaycastTarget: 1
  m_OnCullStateChanged:
    m_PersistentCalls:
      m_Calls: []
    m_TypeName: UnityEngine.UI.MaskableGraphic+CullStateChangedEvent, UnityEngine.UI,
      Version=1.0.0.0, Culture=neutral, PublicKeyToken=null
  m_Sprite: {fileID: 21300000, guid: 7ed1238760b863f4aafde32ab3a6f28c, type: 3}
  m_Type: 1
  m_PreserveAspect: 0
  m_FillCenter: 1
  m_FillMethod: 4
  m_FillAmount: 1
  m_FillClockwise: 1
  m_FillOrigin: 0
--- !u!222 &1462960917
CanvasRenderer:
  m_ObjectHideFlags: 0
  m_PrefabParentObject: {fileID: 22209216, guid: e39e9a09a02695a4b8efddc53c60fec4,
    type: 2}
  m_PrefabInternal: {fileID: 1423957306}
  m_GameObject: {fileID: 1462960914}
--- !u!1 &1479163601
GameObject:
  m_ObjectHideFlags: 0
  m_PrefabParentObject: {fileID: 109220, guid: e39e9a09a02695a4b8efddc53c60fec4, type: 2}
  m_PrefabInternal: {fileID: 1423957306}
  serializedVersion: 5
  m_Component:
  - component: {fileID: 1479163602}
  - component: {fileID: 1479163604}
  - component: {fileID: 1479163603}
  m_Layer: 5
  m_Name: AppTitle
  m_TagString: Untagged
  m_Icon: {fileID: 0}
  m_NavMeshLayer: 0
  m_StaticEditorFlags: 0
  m_IsActive: 1
--- !u!224 &1479163602
RectTransform:
  m_ObjectHideFlags: 0
  m_PrefabParentObject: {fileID: 22409220, guid: e39e9a09a02695a4b8efddc53c60fec4,
    type: 2}
  m_PrefabInternal: {fileID: 1423957306}
  m_GameObject: {fileID: 1479163601}
  m_LocalRotation: {x: 0, y: 0, z: 0, w: 1}
  m_LocalPosition: {x: 0, y: 0, z: 0}
  m_LocalScale: {x: 1, y: 1, z: 1}
  m_Children:
  - {fileID: 1248959065}
  m_Father: {fileID: 1136121952}
  m_RootOrder: 0
  m_LocalEulerAnglesHint: {x: 0, y: 0, z: 0}
  m_AnchorMin: {x: 0, y: 0}
  m_AnchorMax: {x: 0, y: 0}
  m_AnchoredPosition: {x: 347.5, y: 706}
  m_SizeDelta: {x: 695, y: 109}
  m_Pivot: {x: 0.5, y: 0.5}
--- !u!114 &1479163603
MonoBehaviour:
  m_ObjectHideFlags: 0
  m_PrefabParentObject: {fileID: 11409224, guid: e39e9a09a02695a4b8efddc53c60fec4,
    type: 2}
  m_PrefabInternal: {fileID: 1423957306}
  m_GameObject: {fileID: 1479163601}
  m_Enabled: 1
  m_EditorHideFlags: 0
  m_Script: {fileID: 708705254, guid: f5f67c52d1564df4a8936ccd202a3bd8, type: 3}
  m_Name: 
  m_EditorClassIdentifier: 
  m_Material: {fileID: 0}
  m_Color: {r: 0.85490197, g: 0.85490197, b: 0.85490197, a: 1}
  m_RaycastTarget: 1
  m_OnCullStateChanged:
    m_PersistentCalls:
      m_Calls: []
    m_TypeName: UnityEngine.UI.MaskableGraphic+CullStateChangedEvent, UnityEngine.UI,
      Version=1.0.0.0, Culture=neutral, PublicKeyToken=null
  m_FontData:
    m_Font: {fileID: 12800000, guid: 218956a5c2a6e42d6a60afccf80b002b, type: 3}
    m_FontSize: 102
    m_FontStyle: 0
    m_BestFit: 0
    m_MinSize: 10
    m_MaxSize: 102
    m_Alignment: 0
    m_AlignByGeometry: 0
    m_RichText: 1
    m_HorizontalOverflow: 0
    m_VerticalOverflow: 1
    m_LineSpacing: 1
  m_Text: GAME
--- !u!222 &1479163604
CanvasRenderer:
  m_ObjectHideFlags: 0
  m_PrefabParentObject: {fileID: 22209218, guid: e39e9a09a02695a4b8efddc53c60fec4,
    type: 2}
  m_PrefabInternal: {fileID: 1423957306}
  m_GameObject: {fileID: 1479163601}
--- !u!1 &1500371475
GameObject:
  m_ObjectHideFlags: 0
  m_PrefabParentObject: {fileID: 0}
  m_PrefabInternal: {fileID: 0}
  serializedVersion: 5
  m_Component:
  - component: {fileID: 1500371479}
  - component: {fileID: 1500371478}
  - component: {fileID: 1500371477}
  - component: {fileID: 1500371476}
  m_Layer: 0
  m_Name: EventSystem
  m_TagString: Untagged
  m_Icon: {fileID: 0}
  m_NavMeshLayer: 0
  m_StaticEditorFlags: 0
  m_IsActive: 1
--- !u!114 &1500371476
MonoBehaviour:
  m_ObjectHideFlags: 0
  m_PrefabParentObject: {fileID: 0}
  m_PrefabInternal: {fileID: 0}
  m_GameObject: {fileID: 1500371475}
  m_Enabled: 1
  m_EditorHideFlags: 0
  m_Script: {fileID: 1997211142, guid: f5f67c52d1564df4a8936ccd202a3bd8, type: 3}
  m_Name: 
  m_EditorClassIdentifier: 
  m_ForceModuleActive: 0
--- !u!114 &1500371477
MonoBehaviour:
  m_ObjectHideFlags: 0
  m_PrefabParentObject: {fileID: 0}
  m_PrefabInternal: {fileID: 0}
  m_GameObject: {fileID: 1500371475}
  m_Enabled: 1
  m_EditorHideFlags: 0
  m_Script: {fileID: 1077351063, guid: f5f67c52d1564df4a8936ccd202a3bd8, type: 3}
  m_Name: 
  m_EditorClassIdentifier: 
  m_HorizontalAxis: Horizontal
  m_VerticalAxis: Vertical
  m_SubmitButton: Submit
  m_CancelButton: Cancel
  m_InputActionsPerSecond: 10
  m_RepeatDelay: 0.5
  m_ForceModuleActive: 0
--- !u!114 &1500371478
MonoBehaviour:
  m_ObjectHideFlags: 0
  m_PrefabParentObject: {fileID: 0}
  m_PrefabInternal: {fileID: 0}
  m_GameObject: {fileID: 1500371475}
  m_Enabled: 1
  m_EditorHideFlags: 0
  m_Script: {fileID: -619905303, guid: f5f67c52d1564df4a8936ccd202a3bd8, type: 3}
  m_Name: 
  m_EditorClassIdentifier: 
  m_FirstSelected: {fileID: 0}
  m_sendNavigationEvents: 1
  m_DragThreshold: 5
--- !u!4 &1500371479
Transform:
  m_ObjectHideFlags: 0
  m_PrefabParentObject: {fileID: 0}
  m_PrefabInternal: {fileID: 0}
  m_GameObject: {fileID: 1500371475}
  m_LocalRotation: {x: 0, y: 0, z: 0, w: 1}
  m_LocalPosition: {x: 0, y: 0, z: 0}
  m_LocalScale: {x: 1, y: 1, z: 1}
  m_Children: []
  m_Father: {fileID: 0}
  m_RootOrder: 1
  m_LocalEulerAnglesHint: {x: 0, y: 0, z: 0}
--- !u!1 &1511305452
GameObject:
  m_ObjectHideFlags: 0
  m_PrefabParentObject: {fileID: 0}
  m_PrefabInternal: {fileID: 0}
  serializedVersion: 5
  m_Component:
  - component: {fileID: 1511305453}
  m_Layer: 0
  m_Name: __SET_YOUR_GAMESCREEN_TO_1136x640
  m_TagString: Untagged
  m_Icon: {fileID: 0}
  m_NavMeshLayer: 0
  m_StaticEditorFlags: 0
  m_IsActive: 1
--- !u!4 &1511305453
Transform:
  m_ObjectHideFlags: 0
  m_PrefabParentObject: {fileID: 0}
  m_PrefabInternal: {fileID: 0}
  m_GameObject: {fileID: 1511305452}
  m_LocalRotation: {x: 0, y: 0, z: 0, w: 1}
  m_LocalPosition: {x: 494.995, y: 627.74, z: 0}
  m_LocalScale: {x: 1, y: 1, z: 1}
  m_Children: []
  m_Father: {fileID: 0}
  m_RootOrder: 2
  m_LocalEulerAnglesHint: {x: 0, y: 0, z: 0}
--- !u!1 &1513725709
GameObject:
  m_ObjectHideFlags: 0
  m_PrefabParentObject: {fileID: 109202, guid: e39e9a09a02695a4b8efddc53c60fec4, type: 2}
  m_PrefabInternal: {fileID: 1423957306}
  serializedVersion: 5
  m_Component:
  - component: {fileID: 1513725710}
  - component: {fileID: 1513725713}
  - component: {fileID: 1513725712}
  - component: {fileID: 1513725711}
  m_Layer: 5
  m_Name: Panel
  m_TagString: Untagged
  m_Icon: {fileID: 0}
  m_NavMeshLayer: 0
  m_StaticEditorFlags: 0
  m_IsActive: 1
--- !u!224 &1513725710
RectTransform:
  m_ObjectHideFlags: 0
  m_PrefabParentObject: {fileID: 22409202, guid: e39e9a09a02695a4b8efddc53c60fec4,
    type: 2}
  m_PrefabInternal: {fileID: 1423957306}
  m_GameObject: {fileID: 1513725709}
  m_LocalRotation: {x: 0, y: 0, z: 0, w: 1}
  m_LocalPosition: {x: 0, y: 0, z: 0}
  m_LocalScale: {x: 1, y: 1, z: 1}
  m_Children:
  - {fileID: 758005557}
  - {fileID: 1974267060}
  - {fileID: 1198188117}
  - {fileID: 596286794}
  - {fileID: 1092828966}
  - {fileID: 247961213}
  - {fileID: 647512984}
  - {fileID: 1937910058}
  - {fileID: 294308683}
  m_Father: {fileID: 1136121952}
  m_RootOrder: 1
  m_LocalEulerAnglesHint: {x: 0, y: 0, z: 0}
  m_AnchorMin: {x: 0, y: 0}
  m_AnchorMax: {x: 0, y: 0}
  m_AnchoredPosition: {x: 568, y: 319.99}
  m_SizeDelta: {x: 1136, y: 640.02}
  m_Pivot: {x: 0.5, y: 0.5}
--- !u!114 &1513725711
MonoBehaviour:
  m_ObjectHideFlags: 0
  m_PrefabParentObject: {fileID: 11409202, guid: e39e9a09a02695a4b8efddc53c60fec4,
    type: 2}
  m_PrefabInternal: {fileID: 1423957306}
  m_GameObject: {fileID: 1513725709}
  m_Enabled: 1
  m_EditorHideFlags: 0
  m_Script: {fileID: -1200242548, guid: f5f67c52d1564df4a8936ccd202a3bd8, type: 3}
  m_Name: 
  m_EditorClassIdentifier: 
  m_ShowMaskGraphic: 1
--- !u!114 &1513725712
MonoBehaviour:
  m_ObjectHideFlags: 0
  m_PrefabParentObject: {fileID: 11409204, guid: e39e9a09a02695a4b8efddc53c60fec4,
    type: 2}
  m_PrefabInternal: {fileID: 1423957306}
  m_GameObject: {fileID: 1513725709}
  m_Enabled: 1
  m_EditorHideFlags: 0
  m_Script: {fileID: -765806418, guid: f5f67c52d1564df4a8936ccd202a3bd8, type: 3}
  m_Name: 
  m_EditorClassIdentifier: 
  m_Material: {fileID: 0}
  m_Color: {r: 0.8784314, g: 0.84705883, b: 0.80784315, a: 1}
  m_RaycastTarget: 1
  m_OnCullStateChanged:
    m_PersistentCalls:
      m_Calls: []
    m_TypeName: UnityEngine.UI.MaskableGraphic+CullStateChangedEvent, UnityEngine.UI,
      Version=1.0.0.0, Culture=neutral, PublicKeyToken=null
  m_Sprite: {fileID: 21300000, guid: 7ed1238760b863f4aafde32ab3a6f28c, type: 3}
  m_Type: 1
  m_PreserveAspect: 0
  m_FillCenter: 1
  m_FillMethod: 4
  m_FillAmount: 1
  m_FillClockwise: 1
  m_FillOrigin: 0
--- !u!222 &1513725713
CanvasRenderer:
  m_ObjectHideFlags: 0
  m_PrefabParentObject: {fileID: 22209202, guid: e39e9a09a02695a4b8efddc53c60fec4,
    type: 2}
  m_PrefabInternal: {fileID: 1423957306}
  m_GameObject: {fileID: 1513725709}
--- !u!1 &1874970649
GameObject:
  m_ObjectHideFlags: 0
  m_PrefabParentObject: {fileID: 109224, guid: e39e9a09a02695a4b8efddc53c60fec4, type: 2}
  m_PrefabInternal: {fileID: 1423957306}
  serializedVersion: 5
  m_Component:
  - component: {fileID: 1874970650}
  - component: {fileID: 1874970652}
  - component: {fileID: 1874970651}
  m_Layer: 5
  m_Name: Text
  m_TagString: Untagged
  m_Icon: {fileID: 0}
  m_NavMeshLayer: 0
  m_StaticEditorFlags: 0
  m_IsActive: 1
--- !u!224 &1874970650
RectTransform:
  m_ObjectHideFlags: 0
  m_PrefabParentObject: {fileID: 22409224, guid: e39e9a09a02695a4b8efddc53c60fec4,
    type: 2}
  m_PrefabInternal: {fileID: 1423957306}
  m_GameObject: {fileID: 1874970649}
  m_LocalRotation: {x: 0, y: 0, z: 0, w: 1}
  m_LocalPosition: {x: 0, y: 0, z: 0}
  m_LocalScale: {x: 1, y: 1, z: 1}
  m_Children: []
  m_Father: {fileID: 294308683}
  m_RootOrder: 3
  m_LocalEulerAnglesHint: {x: 0, y: 0, z: 0}
  m_AnchorMin: {x: 0.5, y: 0.5}
  m_AnchorMax: {x: 0.5, y: 0.5}
  m_AnchoredPosition: {x: 306, y: 0}
  m_SizeDelta: {x: 294, y: 102}
  m_Pivot: {x: 0.5, y: 0.5}
--- !u!114 &1874970651
MonoBehaviour:
  m_ObjectHideFlags: 0
  m_PrefabParentObject: {fileID: 11409228, guid: e39e9a09a02695a4b8efddc53c60fec4,
    type: 2}
  m_PrefabInternal: {fileID: 1423957306}
  m_GameObject: {fileID: 1874970649}
  m_Enabled: 1
  m_EditorHideFlags: 0
  m_Script: {fileID: 708705254, guid: f5f67c52d1564df4a8936ccd202a3bd8, type: 3}
  m_Name: 
  m_EditorClassIdentifier: 
  m_Material: {fileID: 0}
  m_Color: {r: 0.9490196, g: 0.2901961, b: 0.4117647, a: 1}
  m_RaycastTarget: 1
  m_OnCullStateChanged:
    m_PersistentCalls:
      m_Calls: []
    m_TypeName: UnityEngine.UI.MaskableGraphic+CullStateChangedEvent, UnityEngine.UI,
      Version=1.0.0.0, Culture=neutral, PublicKeyToken=null
  m_FontData:
    m_Font: {fileID: 12800000, guid: 7dfc2e1472ac84e1bb749a8a9f934483, type: 3}
    m_FontSize: 40
    m_FontStyle: 0
    m_BestFit: 0
    m_MinSize: 10
    m_MaxSize: 40
    m_Alignment: 5
    m_AlignByGeometry: 0
    m_RichText: 1
    m_HorizontalOverflow: 0
    m_VerticalOverflow: 0
    m_LineSpacing: 1
  m_Text: TIME 0:23
--- !u!222 &1874970652
CanvasRenderer:
  m_ObjectHideFlags: 0
  m_PrefabParentObject: {fileID: 22209222, guid: e39e9a09a02695a4b8efddc53c60fec4,
    type: 2}
  m_PrefabInternal: {fileID: 1423957306}
  m_GameObject: {fileID: 1874970649}
--- !u!1 &1894405198
GameObject:
  m_ObjectHideFlags: 0
  m_PrefabParentObject: {fileID: 109204, guid: e39e9a09a02695a4b8efddc53c60fec4, type: 2}
  m_PrefabInternal: {fileID: 1423957306}
  serializedVersion: 5
  m_Component:
  - component: {fileID: 1894405199}
  - component: {fileID: 1894405201}
  - component: {fileID: 1894405200}
  m_Layer: 5
  m_Name: Panel
  m_TagString: Untagged
  m_Icon: {fileID: 0}
  m_NavMeshLayer: 0
  m_StaticEditorFlags: 0
  m_IsActive: 1
--- !u!224 &1894405199
RectTransform:
  m_ObjectHideFlags: 0
  m_PrefabParentObject: {fileID: 22409204, guid: e39e9a09a02695a4b8efddc53c60fec4,
    type: 2}
  m_PrefabInternal: {fileID: 1423957306}
  m_GameObject: {fileID: 1894405198}
  m_LocalRotation: {x: 0, y: 0, z: 0, w: 1}
  m_LocalPosition: {x: 0, y: 0, z: 0}
  m_LocalScale: {x: 1, y: 1, z: 1}
  m_Children: []
  m_Father: {fileID: 294308683}
  m_RootOrder: 0
  m_LocalEulerAnglesHint: {x: 0, y: 0, z: 0}
  m_AnchorMin: {x: 0.5, y: 0.5}
  m_AnchorMax: {x: 0.5, y: 0.5}
  m_AnchoredPosition: {x: 489, y: 0}
  m_SizeDelta: {x: 45, y: 44}
  m_Pivot: {x: 0.5, y: 0.5}
--- !u!114 &1894405200
MonoBehaviour:
  m_ObjectHideFlags: 0
  m_PrefabParentObject: {fileID: 11409206, guid: e39e9a09a02695a4b8efddc53c60fec4,
    type: 2}
  m_PrefabInternal: {fileID: 1423957306}
  m_GameObject: {fileID: 1894405198}
  m_Enabled: 1
  m_EditorHideFlags: 0
  m_Script: {fileID: -765806418, guid: f5f67c52d1564df4a8936ccd202a3bd8, type: 3}
  m_Name: 
  m_EditorClassIdentifier: 
  m_Material: {fileID: 0}
  m_Color: {r: 0.94509804, g: 0.2901961, b: 0.4117647, a: 1}
  m_RaycastTarget: 1
  m_OnCullStateChanged:
    m_PersistentCalls:
      m_Calls: []
    m_TypeName: UnityEngine.UI.MaskableGraphic+CullStateChangedEvent, UnityEngine.UI,
      Version=1.0.0.0, Culture=neutral, PublicKeyToken=null
  m_Sprite: {fileID: 21300000, guid: f04f7faa5cfd8444a9b61e426135725f, type: 3}
  m_Type: 0
  m_PreserveAspect: 0
  m_FillCenter: 1
  m_FillMethod: 4
  m_FillAmount: 1
  m_FillClockwise: 1
  m_FillOrigin: 0
--- !u!222 &1894405201
CanvasRenderer:
  m_ObjectHideFlags: 0
  m_PrefabParentObject: {fileID: 22209204, guid: e39e9a09a02695a4b8efddc53c60fec4,
    type: 2}
  m_PrefabInternal: {fileID: 1423957306}
  m_GameObject: {fileID: 1894405198}
--- !u!1 &1909752677
GameObject:
  m_ObjectHideFlags: 0
  m_PrefabParentObject: {fileID: 109200, guid: e39e9a09a02695a4b8efddc53c60fec4, type: 2}
  m_PrefabInternal: {fileID: 1423957306}
  serializedVersion: 5
  m_Component:
  - component: {fileID: 1909752678}
  - component: {fileID: 1909752680}
  - component: {fileID: 1909752679}
  m_Layer: 5
  m_Name: Panel
  m_TagString: Untagged
  m_Icon: {fileID: 0}
  m_NavMeshLayer: 0
  m_StaticEditorFlags: 0
  m_IsActive: 1
--- !u!224 &1909752678
RectTransform:
  m_ObjectHideFlags: 0
  m_PrefabParentObject: {fileID: 22409200, guid: e39e9a09a02695a4b8efddc53c60fec4,
    type: 2}
  m_PrefabInternal: {fileID: 1423957306}
  m_GameObject: {fileID: 1909752677}
  m_LocalRotation: {x: 0, y: 0, z: 0.14767745, w: 0.9890356}
  m_LocalPosition: {x: 0, y: 0, z: 0}
  m_LocalScale: {x: 1, y: 1, z: 1}
  m_Children: []
  m_Father: {fileID: 1937910058}
  m_RootOrder: 2
  m_LocalEulerAnglesHint: {x: 0, y: 0, z: 0}
  m_AnchorMin: {x: 0.5, y: 0.5}
  m_AnchorMax: {x: 0.5, y: 0.5}
  m_AnchoredPosition: {x: 15.699951, y: -18.300003}
  m_SizeDelta: {x: 21.7, y: 3}
  m_Pivot: {x: 0.5, y: 0.5}
--- !u!114 &1909752679
MonoBehaviour:
  m_ObjectHideFlags: 0
  m_PrefabParentObject: {fileID: 11409200, guid: e39e9a09a02695a4b8efddc53c60fec4,
    type: 2}
  m_PrefabInternal: {fileID: 1423957306}
  m_GameObject: {fileID: 1909752677}
  m_Enabled: 1
  m_EditorHideFlags: 0
  m_Script: {fileID: -765806418, guid: f5f67c52d1564df4a8936ccd202a3bd8, type: 3}
  m_Name: 
  m_EditorClassIdentifier: 
  m_Material: {fileID: 0}
  m_Color: {r: 0.8745098, g: 0.84313726, b: 0.8039216, a: 1}
  m_RaycastTarget: 1
  m_OnCullStateChanged:
    m_PersistentCalls:
      m_Calls: []
    m_TypeName: UnityEngine.UI.MaskableGraphic+CullStateChangedEvent, UnityEngine.UI,
      Version=1.0.0.0, Culture=neutral, PublicKeyToken=null
  m_Sprite: {fileID: 21300000, guid: 7ed1238760b863f4aafde32ab3a6f28c, type: 3}
  m_Type: 1
  m_PreserveAspect: 0
  m_FillCenter: 1
  m_FillMethod: 4
  m_FillAmount: 1
  m_FillClockwise: 1
  m_FillOrigin: 0
--- !u!222 &1909752680
CanvasRenderer:
  m_ObjectHideFlags: 0
  m_PrefabParentObject: {fileID: 22209200, guid: e39e9a09a02695a4b8efddc53c60fec4,
    type: 2}
  m_PrefabInternal: {fileID: 1423957306}
  m_GameObject: {fileID: 1909752677}
--- !u!1 &1937910057
GameObject:
  m_ObjectHideFlags: 0
  m_PrefabParentObject: {fileID: 109186, guid: e39e9a09a02695a4b8efddc53c60fec4, type: 2}
  m_PrefabInternal: {fileID: 1423957306}
  serializedVersion: 5
  m_Component:
  - component: {fileID: 1937910058}
  - component: {fileID: 1937910060}
  - component: {fileID: 1937910059}
  m_Layer: 5
  m_Name: Player
  m_TagString: Untagged
  m_Icon: {fileID: 0}
  m_NavMeshLayer: 0
  m_StaticEditorFlags: 0
  m_IsActive: 1
--- !u!224 &1937910058
RectTransform:
  m_ObjectHideFlags: 0
  m_PrefabParentObject: {fileID: 22409186, guid: e39e9a09a02695a4b8efddc53c60fec4,
    type: 2}
  m_PrefabInternal: {fileID: 1423957306}
  m_GameObject: {fileID: 1937910057}
  m_LocalRotation: {x: 0, y: 0, z: 0.11665746, w: -0.9931722}
  m_LocalPosition: {x: 0, y: 0, z: 0}
  m_LocalScale: {x: 1, y: 1, z: 1}
  m_Children:
  - {fileID: 1462960915}
  - {fileID: 910411407}
  - {fileID: 1909752678}
  - {fileID: 1396634985}
  - {fileID: 1309008519}
  m_Father: {fileID: 1513725710}
  m_RootOrder: 7
  m_LocalEulerAnglesHint: {x: 0, y: 0, z: 0}
  m_AnchorMin: {x: 0.5, y: 0.5}
  m_AnchorMax: {x: 0.5, y: 0.5}
  m_AnchoredPosition: {x: -278, y: 43}
  m_SizeDelta: {x: 57, y: 55.1}
  m_Pivot: {x: 0.5, y: 0.5}
--- !u!114 &1937910059
MonoBehaviour:
  m_ObjectHideFlags: 0
  m_PrefabParentObject: {fileID: 11409186, guid: e39e9a09a02695a4b8efddc53c60fec4,
    type: 2}
  m_PrefabInternal: {fileID: 1423957306}
  m_GameObject: {fileID: 1937910057}
  m_Enabled: 1
  m_EditorHideFlags: 0
  m_Script: {fileID: -765806418, guid: f5f67c52d1564df4a8936ccd202a3bd8, type: 3}
  m_Name: 
  m_EditorClassIdentifier: 
  m_Material: {fileID: 0}
  m_Color: {r: 0.12156863, g: 0.8235294, b: 0.57254905, a: 1}
  m_RaycastTarget: 1
  m_OnCullStateChanged:
    m_PersistentCalls:
      m_Calls: []
    m_TypeName: UnityEngine.UI.MaskableGraphic+CullStateChangedEvent, UnityEngine.UI,
      Version=1.0.0.0, Culture=neutral, PublicKeyToken=null
  m_Sprite: {fileID: 21300000, guid: 7ed1238760b863f4aafde32ab3a6f28c, type: 3}
  m_Type: 1
  m_PreserveAspect: 0
  m_FillCenter: 1
  m_FillMethod: 4
  m_FillAmount: 1
  m_FillClockwise: 1
  m_FillOrigin: 0
--- !u!222 &1937910060
CanvasRenderer:
  m_ObjectHideFlags: 0
  m_PrefabParentObject: {fileID: 22209186, guid: e39e9a09a02695a4b8efddc53c60fec4,
    type: 2}
  m_PrefabInternal: {fileID: 1423957306}
  m_GameObject: {fileID: 1937910057}
--- !u!1 &1974267059
GameObject:
  m_ObjectHideFlags: 0
  m_PrefabParentObject: {fileID: 109222, guid: e39e9a09a02695a4b8efddc53c60fec4, type: 2}
  m_PrefabInternal: {fileID: 1423957306}
  serializedVersion: 5
  m_Component:
  - component: {fileID: 1974267060}
  - component: {fileID: 1974267062}
  - component: {fileID: 1974267061}
  m_Layer: 5
  m_Name: MapBlocks
  m_TagString: Untagged
  m_Icon: {fileID: 0}
  m_NavMeshLayer: 0
  m_StaticEditorFlags: 0
  m_IsActive: 1
--- !u!224 &1974267060
RectTransform:
  m_ObjectHideFlags: 0
  m_PrefabParentObject: {fileID: 22409222, guid: e39e9a09a02695a4b8efddc53c60fec4,
    type: 2}
  m_PrefabInternal: {fileID: 1423957306}
  m_GameObject: {fileID: 1974267059}
  m_LocalRotation: {x: 0, y: 0, z: 0, w: 1}
  m_LocalPosition: {x: 0, y: 0, z: 0}
  m_LocalScale: {x: 1, y: 1, z: 1}
  m_Children: []
  m_Father: {fileID: 1513725710}
  m_RootOrder: 1
  m_LocalEulerAnglesHint: {x: 0, y: 0, z: 0}
  m_AnchorMin: {x: 0.5, y: 0.5}
  m_AnchorMax: {x: 0.5, y: 0.5}
  m_AnchoredPosition: {x: -78, y: 239}
  m_SizeDelta: {x: 61, y: 162}
  m_Pivot: {x: 0.5, y: 0.5}
--- !u!114 &1974267061
MonoBehaviour:
  m_ObjectHideFlags: 0
  m_PrefabParentObject: {fileID: 11409226, guid: e39e9a09a02695a4b8efddc53c60fec4,
    type: 2}
  m_PrefabInternal: {fileID: 1423957306}
  m_GameObject: {fileID: 1974267059}
  m_Enabled: 1
  m_EditorHideFlags: 0
  m_Script: {fileID: -765806418, guid: f5f67c52d1564df4a8936ccd202a3bd8, type: 3}
  m_Name: 
  m_EditorClassIdentifier: 
  m_Material: {fileID: 0}
  m_Color: {r: 0.18431373, g: 0.18431373, b: 0.22745098, a: 1}
  m_RaycastTarget: 1
  m_OnCullStateChanged:
    m_PersistentCalls:
      m_Calls: []
    m_TypeName: UnityEngine.UI.MaskableGraphic+CullStateChangedEvent, UnityEngine.UI,
      Version=1.0.0.0, Culture=neutral, PublicKeyToken=null
  m_Sprite: {fileID: 21300000, guid: 7ed1238760b863f4aafde32ab3a6f28c, type: 3}
  m_Type: 1
  m_PreserveAspect: 0
  m_FillCenter: 1
  m_FillMethod: 4
  m_FillAmount: 1
  m_FillClockwise: 1
  m_FillOrigin: 0
--- !u!222 &1974267062
CanvasRenderer:
  m_ObjectHideFlags: 0
  m_PrefabParentObject: {fileID: 22209220, guid: e39e9a09a02695a4b8efddc53c60fec4,
    type: 2}
  m_PrefabInternal: {fileID: 1423957306}
  m_GameObject: {fileID: 1974267059}
