%YAML 1.1
%TAG !u! tag:unity3d.com,2011:
--- !u!29 &1
OcclusionCullingSettings:
  m_ObjectHideFlags: 0
  serializedVersion: 2
  m_OcclusionBakeSettings:
    smallestOccluder: 5
    smallestHole: 0.25
    backfaceThreshold: 100
  m_SceneGUID: 00000000000000000000000000000000
  m_OcclusionCullingData: {fileID: 0}
--- !u!104 &2
RenderSettings:
  m_ObjectHideFlags: 0
  serializedVersion: 9
  m_Fog: 0
  m_FogColor: {r: 0.5, g: 0.5, b: 0.5, a: 1}
  m_FogMode: 3
  m_FogDensity: 0.01
  m_LinearFogStart: 0
  m_LinearFogEnd: 300
  m_AmbientSkyColor: {r: 0.212, g: 0.227, b: 0.259, a: 1}
  m_AmbientEquatorColor: {r: 0.114, g: 0.125, b: 0.133, a: 1}
  m_AmbientGroundColor: {r: 0.047, g: 0.043, b: 0.035, a: 1}
  m_AmbientIntensity: 1
  m_AmbientMode: 0
  m_SubtractiveShadowColor: {r: 0.42, g: 0.478, b: 0.627, a: 1}
  m_SkyboxMaterial: {fileID: 10304, guid: 0000000000000000f000000000000000, type: 0}
  m_HaloStrength: 0.5
  m_FlareStrength: 1
  m_FlareFadeSpeed: 3
  m_HaloTexture: {fileID: 0}
  m_SpotCookie: {fileID: 10001, guid: 0000000000000000e000000000000000, type: 0}
  m_DefaultReflectionMode: 0
  m_DefaultReflectionResolution: 128
  m_ReflectionBounces: 1
  m_ReflectionIntensity: 1
  m_CustomReflection: {fileID: 0}
  m_Sun: {fileID: 0}
  m_IndirectSpecularColor: {r: 0, g: 0, b: 0, a: 1}
  m_UseRadianceAmbientProbe: 0
--- !u!157 &4
LightmapSettings:
  m_ObjectHideFlags: 0
  serializedVersion: 11
  m_GIWorkflowMode: 0
  m_GISettings:
    serializedVersion: 2
    m_BounceScale: 1
    m_IndirectOutputScale: 1
    m_AlbedoBoost: 1
    m_TemporalCoherenceThreshold: 1
    m_EnvironmentLightingMode: 0
    m_EnableBakedLightmaps: 1
    m_EnableRealtimeLightmaps: 1
  m_LightmapEditorSettings:
    serializedVersion: 10
    m_Resolution: 2
    m_BakeResolution: 40
    m_AtlasSize: 1024
    m_AO: 0
    m_AOMaxDistance: 1
    m_CompAOExponent: 0
    m_CompAOExponentDirect: 0
    m_Padding: 2
    m_LightmapParameters: {fileID: 0}
    m_LightmapsBakeMode: 1
    m_TextureCompression: 1
    m_FinalGather: 0
    m_FinalGatherFiltering: 1
    m_FinalGatherRayCount: 1024
    m_ReflectionCompression: 2
    m_MixedBakeMode: 1
    m_BakeBackend: 0
    m_PVRSampling: 1
    m_PVRDirectSampleCount: 32
    m_PVRSampleCount: 500
    m_PVRBounces: 2
    m_PVRFilterTypeDirect: 0
    m_PVRFilterTypeIndirect: 0
    m_PVRFilterTypeAO: 0
    m_PVRFilteringMode: 0
    m_PVRCulling: 1
    m_PVRFilteringGaussRadiusDirect: 1
    m_PVRFilteringGaussRadiusIndirect: 5
    m_PVRFilteringGaussRadiusAO: 2
    m_PVRFilteringAtrousPositionSigmaDirect: 0.5
    m_PVRFilteringAtrousPositionSigmaIndirect: 2
    m_PVRFilteringAtrousPositionSigmaAO: 1
    m_ShowResolutionOverlay: 1
  m_LightingDataAsset: {fileID: 0}
  m_UseShadowmask: 0
--- !u!196 &5
NavMeshSettings:
  serializedVersion: 2
  m_ObjectHideFlags: 0
  m_BuildSettings:
    serializedVersion: 2
    agentTypeID: 0
    agentRadius: 0.5
    agentHeight: 2
    agentSlope: 45
    agentClimb: 0.4
    ledgeDropHeight: 0
    maxJumpAcrossDistance: 0
    minRegionArea: 2
    manualCellSize: 0
    cellSize: 0.16666667
    manualTileSize: 0
    tileSize: 256
    accuratePlacement: 0
    debug:
      m_Flags: 0
  m_NavMeshData: {fileID: 0}
--- !u!1 &30160617
GameObject:
  m_ObjectHideFlags: 0
  m_PrefabParentObject: {fileID: 158812, guid: f21e76e419570ee40bbe28f9d3139291, type: 2}
  m_PrefabInternal: {fileID: 1697731274}
  serializedVersion: 5
  m_Component:
  - component: {fileID: 30160618}
  - component: {fileID: 30160620}
  - component: {fileID: 30160619}
  m_Layer: 5
  m_Name: MapElements
  m_TagString: Untagged
  m_Icon: {fileID: 0}
  m_NavMeshLayer: 0
  m_StaticEditorFlags: 0
  m_IsActive: 1
--- !u!224 &30160618
RectTransform:
  m_ObjectHideFlags: 0
  m_PrefabParentObject: {fileID: 22458812, guid: f21e76e419570ee40bbe28f9d3139291,
    type: 2}
  m_PrefabInternal: {fileID: 1697731274}
  m_GameObject: {fileID: 30160617}
  m_LocalRotation: {x: 0, y: 0, z: 0, w: 1}
  m_LocalPosition: {x: 0, y: 0, z: 0}
  m_LocalScale: {x: 1, y: 1, z: 1}
  m_Children: []
  m_Father: {fileID: 465844983}
  m_RootOrder: 9
  m_LocalEulerAnglesHint: {x: 0, y: 0, z: 0}
  m_AnchorMin: {x: 0.5, y: 0.5}
  m_AnchorMax: {x: 0.5, y: 0.5}
  m_AnchoredPosition: {x: 51.5, y: 548}
  m_SizeDelta: {x: 103, y: 40}
  m_Pivot: {x: 0.5, y: 0.5}
--- !u!114 &30160619
MonoBehaviour:
  m_ObjectHideFlags: 0
  m_PrefabParentObject: {fileID: 11458818, guid: f21e76e419570ee40bbe28f9d3139291,
    type: 2}
  m_PrefabInternal: {fileID: 1697731274}
  m_GameObject: {fileID: 30160617}
  m_Enabled: 1
  m_EditorHideFlags: 0
  m_Script: {fileID: -765806418, guid: f5f67c52d1564df4a8936ccd202a3bd8, type: 3}
  m_Name: 
  m_EditorClassIdentifier: 
  m_Material: {fileID: 0}
  m_Color: {r: 0.9411765, g: 0.8901961, b: 0.7607843, a: 1}
  m_RaycastTarget: 1
  m_OnCullStateChanged:
    m_PersistentCalls:
      m_Calls: []
    m_TypeName: UnityEngine.UI.MaskableGraphic+CullStateChangedEvent, UnityEngine.UI,
      Version=1.0.0.0, Culture=neutral, PublicKeyToken=null
  m_Sprite: {fileID: 21300000, guid: 7ed1238760b863f4aafde32ab3a6f28c, type: 3}
  m_Type: 1
  m_PreserveAspect: 0
  m_FillCenter: 1
  m_FillMethod: 4
  m_FillAmount: 1
  m_FillClockwise: 1
  m_FillOrigin: 0
--- !u!222 &30160620
CanvasRenderer:
  m_ObjectHideFlags: 0
  m_PrefabParentObject: {fileID: 22258810, guid: f21e76e419570ee40bbe28f9d3139291,
    type: 2}
  m_PrefabInternal: {fileID: 1697731274}
  m_GameObject: {fileID: 30160617}
--- !u!1 &127536705
GameObject:
  m_ObjectHideFlags: 0
  m_PrefabParentObject: {fileID: 158760, guid: f21e76e419570ee40bbe28f9d3139291, type: 2}
  m_PrefabInternal: {fileID: 1697731274}
  serializedVersion: 5
  m_Component:
  - component: {fileID: 127536706}
  - component: {fileID: 127536708}
  - component: {fileID: 127536707}
  m_Layer: 5
  m_Name: AppTitle
  m_TagString: Untagged
  m_Icon: {fileID: 0}
  m_NavMeshLayer: 0
  m_StaticEditorFlags: 0
  m_IsActive: 1
--- !u!224 &127536706
RectTransform:
  m_ObjectHideFlags: 0
  m_PrefabParentObject: {fileID: 22458760, guid: f21e76e419570ee40bbe28f9d3139291,
    type: 2}
  m_PrefabInternal: {fileID: 1697731274}
  m_GameObject: {fileID: 127536705}
  m_LocalRotation: {x: 0, y: 0, z: 0, w: 1}
  m_LocalPosition: {x: 0, y: 0, z: 0}
  m_LocalScale: {x: 1, y: 1, z: 1}
  m_Children: []
  m_Father: {fileID: 1390654702}
  m_RootOrder: 0
  m_LocalEulerAnglesHint: {x: 0, y: 0, z: 0}
  m_AnchorMin: {x: 0.5, y: 0.5}
  m_AnchorMax: {x: 0.5, y: 0.5}
  m_AnchoredPosition: {x: 295, y: -68}
  m_SizeDelta: {x: 695, y: 109}
  m_Pivot: {x: 0.5, y: 0.5}
--- !u!114 &127536707
MonoBehaviour:
  m_ObjectHideFlags: 0
  m_PrefabParentObject: {fileID: 11458760, guid: f21e76e419570ee40bbe28f9d3139291,
    type: 2}
  m_PrefabInternal: {fileID: 1697731274}
  m_GameObject: {fileID: 127536705}
  m_Enabled: 1
  m_EditorHideFlags: 0
  m_Script: {fileID: 708705254, guid: f5f67c52d1564df4a8936ccd202a3bd8, type: 3}
  m_Name: 
  m_EditorClassIdentifier: 
  m_Material: {fileID: 0}
  m_Color: {r: 0.85490197, g: 0.85490197, b: 0.85490197, a: 1}
  m_RaycastTarget: 1
  m_OnCullStateChanged:
    m_PersistentCalls:
      m_Calls: []
    m_TypeName: UnityEngine.UI.MaskableGraphic+CullStateChangedEvent, UnityEngine.UI,
      Version=1.0.0.0, Culture=neutral, PublicKeyToken=null
  m_FontData:
    m_Font: {fileID: 12800000, guid: 218956a5c2a6e42d6a60afccf80b002b, type: 3}
    m_FontSize: 40
    m_FontStyle: 0
    m_BestFit: 0
    m_MinSize: 10
    m_MaxSize: 40
    m_Alignment: 0
    m_AlignByGeometry: 0
    m_RichText: 1
    m_HorizontalOverflow: 0
    m_VerticalOverflow: 1
    m_LineSpacing: 1
  m_Text: EXAMPLE
--- !u!222 &127536708
CanvasRenderer:
  m_ObjectHideFlags: 0
  m_PrefabParentObject: {fileID: 22258760, guid: f21e76e419570ee40bbe28f9d3139291,
    type: 2}
  m_PrefabInternal: {fileID: 1697731274}
  m_GameObject: {fileID: 127536705}
--- !u!1 &131445955
GameObject:
  m_ObjectHideFlags: 0
  m_PrefabParentObject: {fileID: 158768, guid: f21e76e419570ee40bbe28f9d3139291, type: 2}
  m_PrefabInternal: {fileID: 1697731274}
  serializedVersion: 5
  m_Component:
  - component: {fileID: 131445956}
  - component: {fileID: 131445958}
  - component: {fileID: 131445957}
  m_Layer: 5
  m_Name: MapElements
  m_TagString: Untagged
  m_Icon: {fileID: 0}
  m_NavMeshLayer: 0
  m_StaticEditorFlags: 0
  m_IsActive: 1
--- !u!224 &131445956
RectTransform:
  m_ObjectHideFlags: 0
  m_PrefabParentObject: {fileID: 22458768, guid: f21e76e419570ee40bbe28f9d3139291,
    type: 2}
  m_PrefabInternal: {fileID: 1697731274}
  m_GameObject: {fileID: 131445955}
  m_LocalRotation: {x: 0, y: 0, z: 0.7071068, w: 0.7071068}
  m_LocalPosition: {x: 0, y: 0, z: 0}
  m_LocalScale: {x: 1, y: 1, z: 1}
  m_Children: []
  m_Father: {fileID: 465844983}
  m_RootOrder: 12
  m_LocalEulerAnglesHint: {x: 0, y: 0, z: 0}
  m_AnchorMin: {x: 0.5, y: 0.5}
  m_AnchorMax: {x: 0.5, y: 0.5}
  m_AnchoredPosition: {x: -237, y: -111}
  m_SizeDelta: {x: 66, y: 171}
  m_Pivot: {x: 0.5, y: 0.5}
--- !u!114 &131445957
MonoBehaviour:
  m_ObjectHideFlags: 0
  m_PrefabParentObject: {fileID: 11458770, guid: f21e76e419570ee40bbe28f9d3139291,
    type: 2}
  m_PrefabInternal: {fileID: 1697731274}
  m_GameObject: {fileID: 131445955}
  m_Enabled: 1
  m_EditorHideFlags: 0
  m_Script: {fileID: -765806418, guid: f5f67c52d1564df4a8936ccd202a3bd8, type: 3}
  m_Name: 
  m_EditorClassIdentifier: 
  m_Material: {fileID: 0}
  m_Color: {r: 0.9411765, g: 0.8901961, b: 0.7607843, a: 1}
  m_RaycastTarget: 1
  m_OnCullStateChanged:
    m_PersistentCalls:
      m_Calls: []
    m_TypeName: UnityEngine.UI.MaskableGraphic+CullStateChangedEvent, UnityEngine.UI,
      Version=1.0.0.0, Culture=neutral, PublicKeyToken=null
  m_Sprite: {fileID: 21300000, guid: 03d91e2b43b1b1d40aea45bc361c240b, type: 3}
  m_Type: 0
  m_PreserveAspect: 0
  m_FillCenter: 1
  m_FillMethod: 4
  m_FillAmount: 1
  m_FillClockwise: 1
  m_FillOrigin: 0
--- !u!222 &131445958
CanvasRenderer:
  m_ObjectHideFlags: 0
  m_PrefabParentObject: {fileID: 22258768, guid: f21e76e419570ee40bbe28f9d3139291,
    type: 2}
  m_PrefabInternal: {fileID: 1697731274}
  m_GameObject: {fileID: 131445955}
--- !u!1 &133347663
GameObject:
  m_ObjectHideFlags: 0
  m_PrefabParentObject: {fileID: 158762, guid: f21e76e419570ee40bbe28f9d3139291, type: 2}
  m_PrefabInternal: {fileID: 1697731274}
  serializedVersion: 5
  m_Component:
  - component: {fileID: 133347664}
  - component: {fileID: 133347666}
  - component: {fileID: 133347665}
  m_Layer: 5
  m_Name: PlayerBlocks
  m_TagString: Untagged
  m_Icon: {fileID: 0}
  m_NavMeshLayer: 0
  m_StaticEditorFlags: 0
  m_IsActive: 1
--- !u!224 &133347664
RectTransform:
  m_ObjectHideFlags: 0
  m_PrefabParentObject: {fileID: 22458762, guid: f21e76e419570ee40bbe28f9d3139291,
    type: 2}
  m_PrefabInternal: {fileID: 1697731274}
  m_GameObject: {fileID: 133347663}
  m_LocalRotation: {x: 0, y: 0, z: 0, w: 1}
  m_LocalPosition: {x: 0, y: 0, z: 0}
  m_LocalScale: {x: 1, y: 1, z: 1}
  m_Children: []
  m_Father: {fileID: 465844983}
  m_RootOrder: 18
  m_LocalEulerAnglesHint: {x: 0, y: 0, z: 0}
  m_AnchorMin: {x: 0.5, y: 0.5}
  m_AnchorMax: {x: 0.5, y: 0.5}
  m_AnchoredPosition: {x: 112, y: -405}
  m_SizeDelta: {x: 40, y: 40}
  m_Pivot: {x: 0.5, y: 0.5}
--- !u!114 &133347665
MonoBehaviour:
  m_ObjectHideFlags: 0
  m_PrefabParentObject: {fileID: 11458762, guid: f21e76e419570ee40bbe28f9d3139291,
    type: 2}
  m_PrefabInternal: {fileID: 1697731274}
  m_GameObject: {fileID: 133347663}
  m_Enabled: 1
  m_EditorHideFlags: 0
  m_Script: {fileID: -765806418, guid: f5f67c52d1564df4a8936ccd202a3bd8, type: 3}
  m_Name: 
  m_EditorClassIdentifier: 
  m_Material: {fileID: 0}
  m_Color: {r: 0, g: 0.8627451, b: 0.38431373, a: 1}
  m_RaycastTarget: 1
  m_OnCullStateChanged:
    m_PersistentCalls:
      m_Calls: []
    m_TypeName: UnityEngine.UI.MaskableGraphic+CullStateChangedEvent, UnityEngine.UI,
      Version=1.0.0.0, Culture=neutral, PublicKeyToken=null
  m_Sprite: {fileID: 21300000, guid: 7ed1238760b863f4aafde32ab3a6f28c, type: 3}
  m_Type: 1
  m_PreserveAspect: 0
  m_FillCenter: 1
  m_FillMethod: 4
  m_FillAmount: 1
  m_FillClockwise: 1
  m_FillOrigin: 0
--- !u!222 &133347666
CanvasRenderer:
  m_ObjectHideFlags: 0
  m_PrefabParentObject: {fileID: 22258762, guid: f21e76e419570ee40bbe28f9d3139291,
    type: 2}
  m_PrefabInternal: {fileID: 1697731274}
  m_GameObject: {fileID: 133347663}
--- !u!1 &246915699
GameObject:
  m_ObjectHideFlags: 0
  m_PrefabParentObject: {fileID: 158810, guid: f21e76e419570ee40bbe28f9d3139291, type: 2}
  m_PrefabInternal: {fileID: 1697731274}
  serializedVersion: 5
  m_Component:
  - component: {fileID: 246915700}
  - component: {fileID: 246915702}
  - component: {fileID: 246915701}
  m_Layer: 5
  m_Name: MapElements
  m_TagString: Untagged
  m_Icon: {fileID: 0}
  m_NavMeshLayer: 0
  m_StaticEditorFlags: 0
  m_IsActive: 1
--- !u!224 &246915700
RectTransform:
  m_ObjectHideFlags: 0
  m_PrefabParentObject: {fileID: 22458810, guid: f21e76e419570ee40bbe28f9d3139291,
    type: 2}
  m_PrefabInternal: {fileID: 1697731274}
  m_GameObject: {fileID: 246915699}
  m_LocalRotation: {x: 0, y: 0, z: 0, w: 1}
  m_LocalPosition: {x: 0, y: 0, z: 0}
  m_LocalScale: {x: 1, y: 1, z: 1}
  m_Children: []
  m_Father: {fileID: 465844983}
  m_RootOrder: 7
  m_LocalEulerAnglesHint: {x: 0, y: 0, z: 0}
  m_AnchorMin: {x: 0.5, y: 0.5}
  m_AnchorMax: {x: 0.5, y: 0.5}
  m_AnchoredPosition: {x: 42, y: 126}
  m_SizeDelta: {x: 74, y: 40}
  m_Pivot: {x: 0.5, y: 0.5}
--- !u!114 &246915701
MonoBehaviour:
  m_ObjectHideFlags: 0
  m_PrefabParentObject: {fileID: 11458816, guid: f21e76e419570ee40bbe28f9d3139291,
    type: 2}
  m_PrefabInternal: {fileID: 1697731274}
  m_GameObject: {fileID: 246915699}
  m_Enabled: 1
  m_EditorHideFlags: 0
  m_Script: {fileID: -765806418, guid: f5f67c52d1564df4a8936ccd202a3bd8, type: 3}
  m_Name: 
  m_EditorClassIdentifier: 
  m_Material: {fileID: 0}
  m_Color: {r: 0.9411765, g: 0.8901961, b: 0.7607843, a: 1}
  m_RaycastTarget: 1
  m_OnCullStateChanged:
    m_PersistentCalls:
      m_Calls: []
    m_TypeName: UnityEngine.UI.MaskableGraphic+CullStateChangedEvent, UnityEngine.UI,
      Version=1.0.0.0, Culture=neutral, PublicKeyToken=null
  m_Sprite: {fileID: 21300000, guid: 7ed1238760b863f4aafde32ab3a6f28c, type: 3}
  m_Type: 1
  m_PreserveAspect: 0
  m_FillCenter: 1
  m_FillMethod: 4
  m_FillAmount: 1
  m_FillClockwise: 1
  m_FillOrigin: 0
--- !u!222 &246915702
CanvasRenderer:
  m_ObjectHideFlags: 0
  m_PrefabParentObject: {fileID: 22258808, guid: f21e76e419570ee40bbe28f9d3139291,
    type: 2}
  m_PrefabInternal: {fileID: 1697731274}
  m_GameObject: {fileID: 246915699}
--- !u!1 &402460126
GameObject:
  m_ObjectHideFlags: 0
  m_PrefabParentObject: {fileID: 158788, guid: f21e76e419570ee40bbe28f9d3139291, type: 2}
  m_PrefabInternal: {fileID: 1697731274}
  serializedVersion: 5
  m_Component:
  - component: {fileID: 402460127}
  - component: {fileID: 402460129}
  - component: {fileID: 402460128}
  m_Layer: 5
  m_Name: MapElements
  m_TagString: Untagged
  m_Icon: {fileID: 0}
  m_NavMeshLayer: 0
  m_StaticEditorFlags: 0
  m_IsActive: 1
--- !u!224 &402460127
RectTransform:
  m_ObjectHideFlags: 0
  m_PrefabParentObject: {fileID: 22458788, guid: f21e76e419570ee40bbe28f9d3139291,
    type: 2}
  m_PrefabInternal: {fileID: 1697731274}
  m_GameObject: {fileID: 402460126}
  m_LocalRotation: {x: 0, y: 0, z: 0, w: 1}
  m_LocalPosition: {x: 0, y: 0, z: 0}
  m_LocalScale: {x: 1, y: 1, z: 1}
  m_Children: []
  m_Father: {fileID: 465844983}
  m_RootOrder: 3
  m_LocalEulerAnglesHint: {x: 0, y: 0, z: 0}
  m_AnchorMin: {x: 0.5, y: 0.5}
  m_AnchorMax: {x: 0.5, y: 0.5}
  m_AnchoredPosition: {x: 25, y: -259}
  m_SizeDelta: {x: 40, y: 40}
  m_Pivot: {x: 0.5, y: 0.5}
--- !u!114 &402460128
MonoBehaviour:
  m_ObjectHideFlags: 0
  m_PrefabParentObject: {fileID: 11458792, guid: f21e76e419570ee40bbe28f9d3139291,
    type: 2}
  m_PrefabInternal: {fileID: 1697731274}
  m_GameObject: {fileID: 402460126}
  m_Enabled: 1
  m_EditorHideFlags: 0
  m_Script: {fileID: -765806418, guid: f5f67c52d1564df4a8936ccd202a3bd8, type: 3}
  m_Name: 
  m_EditorClassIdentifier: 
  m_Material: {fileID: 0}
  m_Color: {r: 0.9411765, g: 0.8901961, b: 0.7607843, a: 1}
  m_RaycastTarget: 1
  m_OnCullStateChanged:
    m_PersistentCalls:
      m_Calls: []
    m_TypeName: UnityEngine.UI.MaskableGraphic+CullStateChangedEvent, UnityEngine.UI,
      Version=1.0.0.0, Culture=neutral, PublicKeyToken=null
  m_Sprite: {fileID: 21300000, guid: 7ed1238760b863f4aafde32ab3a6f28c, type: 3}
  m_Type: 1
  m_PreserveAspect: 0
  m_FillCenter: 1
  m_FillMethod: 4
  m_FillAmount: 1
  m_FillClockwise: 1
  m_FillOrigin: 0
--- !u!222 &402460129
CanvasRenderer:
  m_ObjectHideFlags: 0
  m_PrefabParentObject: {fileID: 22258788, guid: f21e76e419570ee40bbe28f9d3139291,
    type: 2}
  m_PrefabInternal: {fileID: 1697731274}
  m_GameObject: {fileID: 402460126}
--- !u!1 &458950838
GameObject:
  m_ObjectHideFlags: 0
  m_PrefabParentObject: {fileID: 158790, guid: f21e76e419570ee40bbe28f9d3139291, type: 2}
  m_PrefabInternal: {fileID: 1697731274}
  serializedVersion: 5
  m_Component:
  - component: {fileID: 458950839}
  - component: {fileID: 458950841}
  - component: {fileID: 458950840}
  m_Layer: 5
  m_Name: MapElements
  m_TagString: Untagged
  m_Icon: {fileID: 0}
  m_NavMeshLayer: 0
  m_StaticEditorFlags: 0
  m_IsActive: 1
--- !u!224 &458950839
RectTransform:
  m_ObjectHideFlags: 0
  m_PrefabParentObject: {fileID: 22458790, guid: f21e76e419570ee40bbe28f9d3139291,
    type: 2}
  m_PrefabInternal: {fileID: 1697731274}
  m_GameObject: {fileID: 458950838}
  m_LocalRotation: {x: 0, y: 0, z: 0, w: 1}
  m_LocalPosition: {x: 0, y: 0, z: 0}
  m_LocalScale: {x: 1, y: 1, z: 1}
  m_Children: []
  m_Father: {fileID: 465844983}
  m_RootOrder: 13
  m_LocalEulerAnglesHint: {x: 0, y: 0, z: 0}
  m_AnchorMin: {x: 0.5, y: 0.5}
  m_AnchorMax: {x: 0.5, y: 0.5}
  m_AnchoredPosition: {x: -245.3999, y: 166}
  m_SizeDelta: {x: 167, y: 40}
  m_Pivot: {x: 0.5, y: 0.5}
--- !u!114 &458950840
MonoBehaviour:
  m_ObjectHideFlags: 0
  m_PrefabParentObject: {fileID: 11458794, guid: f21e76e419570ee40bbe28f9d3139291,
    type: 2}
  m_PrefabInternal: {fileID: 1697731274}
  m_GameObject: {fileID: 458950838}
  m_Enabled: 1
  m_EditorHideFlags: 0
  m_Script: {fileID: -765806418, guid: f5f67c52d1564df4a8936ccd202a3bd8, type: 3}
  m_Name: 
  m_EditorClassIdentifier: 
  m_Material: {fileID: 0}
  m_Color: {r: 0.9411765, g: 0.8901961, b: 0.7607843, a: 1}
  m_RaycastTarget: 1
  m_OnCullStateChanged:
    m_PersistentCalls:
      m_Calls: []
    m_TypeName: UnityEngine.UI.MaskableGraphic+CullStateChangedEvent, UnityEngine.UI,
      Version=1.0.0.0, Culture=neutral, PublicKeyToken=null
  m_Sprite: {fileID: 21300000, guid: 7ed1238760b863f4aafde32ab3a6f28c, type: 3}
  m_Type: 1
  m_PreserveAspect: 0
  m_FillCenter: 1
  m_FillMethod: 4
  m_FillAmount: 1
  m_FillClockwise: 1
  m_FillOrigin: 0
--- !u!222 &458950841
CanvasRenderer:
  m_ObjectHideFlags: 0
  m_PrefabParentObject: {fileID: 22258790, guid: f21e76e419570ee40bbe28f9d3139291,
    type: 2}
  m_PrefabInternal: {fileID: 1697731274}
  m_GameObject: {fileID: 458950838}
--- !u!1 &465844982
GameObject:
  m_ObjectHideFlags: 0
  m_PrefabParentObject: {fileID: 158764, guid: f21e76e419570ee40bbe28f9d3139291, type: 2}
  m_PrefabInternal: {fileID: 1697731274}
  serializedVersion: 5
  m_Component:
  - component: {fileID: 465844983}
  - component: {fileID: 465844986}
  - component: {fileID: 465844985}
  - component: {fileID: 465844984}
  m_Layer: 5
  m_Name: Panel
  m_TagString: Untagged
  m_Icon: {fileID: 0}
  m_NavMeshLayer: 0
  m_StaticEditorFlags: 0
  m_IsActive: 1
--- !u!224 &465844983
RectTransform:
  m_ObjectHideFlags: 0
  m_PrefabParentObject: {fileID: 22458764, guid: f21e76e419570ee40bbe28f9d3139291,
    type: 2}
  m_PrefabInternal: {fileID: 1697731274}
  m_GameObject: {fileID: 465844982}
  m_LocalRotation: {x: 0, y: 0, z: 0, w: 1}
  m_LocalPosition: {x: 0, y: 0, z: 0}
  m_LocalScale: {x: 1, y: 1, z: 1}
  m_Children:
  - {fileID: 601804378}
  - {fileID: 1603297982}
  - {fileID: 960974039}
  - {fileID: 402460127}
  - {fileID: 610965275}
  - {fileID: 540465843}
  - {fileID: 1076746017}
  - {fileID: 246915700}
  - {fileID: 722856384}
  - {fileID: 30160618}
  - {fileID: 1116838070}
  - {fileID: 1183605112}
  - {fileID: 131445956}
  - {fileID: 458950839}
  - {fileID: 1973301500}
  - {fileID: 1739904388}
  - {fileID: 1631561124}
  - {fileID: 1845499252}
  - {fileID: 133347664}
  - {fileID: 805749111}
  m_Father: {fileID: 1193096890}
  m_RootOrder: 0
  m_LocalEulerAnglesHint: {x: 0, y: 0, z: 0}
  m_AnchorMin: {x: 0, y: 0}
  m_AnchorMax: {x: 0, y: 0}
  m_AnchoredPosition: {x: 320, y: 568.02}
  m_SizeDelta: {x: 640, y: 1136}
  m_Pivot: {x: 0.5, y: 0.5}
--- !u!114 &465844984
MonoBehaviour:
  m_ObjectHideFlags: 0
  m_PrefabParentObject: {fileID: 11458764, guid: f21e76e419570ee40bbe28f9d3139291,
    type: 2}
  m_PrefabInternal: {fileID: 1697731274}
  m_GameObject: {fileID: 465844982}
  m_Enabled: 1
  m_EditorHideFlags: 0
  m_Script: {fileID: -1200242548, guid: f5f67c52d1564df4a8936ccd202a3bd8, type: 3}
  m_Name: 
  m_EditorClassIdentifier: 
  m_ShowMaskGraphic: 1
--- !u!114 &465844985
MonoBehaviour:
  m_ObjectHideFlags: 0
  m_PrefabParentObject: {fileID: 11458766, guid: f21e76e419570ee40bbe28f9d3139291,
    type: 2}
  m_PrefabInternal: {fileID: 1697731274}
  m_GameObject: {fileID: 465844982}
  m_Enabled: 1
  m_EditorHideFlags: 0
  m_Script: {fileID: -765806418, guid: f5f67c52d1564df4a8936ccd202a3bd8, type: 3}
  m_Name: 
  m_EditorClassIdentifier: 
  m_Material: {fileID: 0}
  m_Color: {r: 0.2784314, g: 0.2784314, b: 0.2784314, a: 1}
  m_RaycastTarget: 1
  m_OnCullStateChanged:
    m_PersistentCalls:
      m_Calls: []
    m_TypeName: UnityEngine.UI.MaskableGraphic+CullStateChangedEvent, UnityEngine.UI,
      Version=1.0.0.0, Culture=neutral, PublicKeyToken=null
  m_Sprite: {fileID: 21300000, guid: 7ed1238760b863f4aafde32ab3a6f28c, type: 3}
  m_Type: 1
  m_PreserveAspect: 0
  m_FillCenter: 1
  m_FillMethod: 4
  m_FillAmount: 1
  m_FillClockwise: 1
  m_FillOrigin: 0
--- !u!222 &465844986
CanvasRenderer:
  m_ObjectHideFlags: 0
  m_PrefabParentObject: {fileID: 22258764, guid: f21e76e419570ee40bbe28f9d3139291,
    type: 2}
  m_PrefabInternal: {fileID: 1697731274}
  m_GameObject: {fileID: 465844982}
--- !u!1 &540465842
GameObject:
  m_ObjectHideFlags: 0
  m_PrefabParentObject: {fileID: 158794, guid: f21e76e419570ee40bbe28f9d3139291, type: 2}
  m_PrefabInternal: {fileID: 1697731274}
  serializedVersion: 5
  m_Component:
  - component: {fileID: 540465843}
  - component: {fileID: 540465845}
  - component: {fileID: 540465844}
  m_Layer: 5
  m_Name: MapElements
  m_TagString: Untagged
  m_Icon: {fileID: 0}
  m_NavMeshLayer: 0
  m_StaticEditorFlags: 0
  m_IsActive: 1
--- !u!224 &540465843
RectTransform:
  m_ObjectHideFlags: 0
  m_PrefabParentObject: {fileID: 22458794, guid: f21e76e419570ee40bbe28f9d3139291,
    type: 2}
  m_PrefabInternal: {fileID: 1697731274}
  m_GameObject: {fileID: 540465842}
  m_LocalRotation: {x: 0, y: 0, z: -0.7071068, w: 0.7071068}
  m_LocalPosition: {x: 0, y: 0, z: 0}
  m_LocalScale: {x: 1, y: 1, z: 1}
  m_Children: []
  m_Father: {fileID: 465844983}
  m_RootOrder: 5
  m_LocalEulerAnglesHint: {x: 0, y: 0, z: 0}
  m_AnchorMin: {x: 0.5, y: 0.5}
  m_AnchorMax: {x: 0.5, y: 0.5}
  m_AnchoredPosition: {x: -60, y: 459}
  m_SizeDelta: {x: 66, y: 113}
  m_Pivot: {x: 0.5, y: 0.5}
--- !u!114 &540465844
MonoBehaviour:
  m_ObjectHideFlags: 0
  m_PrefabParentObject: {fileID: 11458798, guid: f21e76e419570ee40bbe28f9d3139291,
    type: 2}
  m_PrefabInternal: {fileID: 1697731274}
  m_GameObject: {fileID: 540465842}
  m_Enabled: 1
  m_EditorHideFlags: 0
  m_Script: {fileID: -765806418, guid: f5f67c52d1564df4a8936ccd202a3bd8, type: 3}
  m_Name: 
  m_EditorClassIdentifier: 
  m_Material: {fileID: 0}
  m_Color: {r: 0.9411765, g: 0.8901961, b: 0.7607843, a: 1}
  m_RaycastTarget: 1
  m_OnCullStateChanged:
    m_PersistentCalls:
      m_Calls: []
    m_TypeName: UnityEngine.UI.MaskableGraphic+CullStateChangedEvent, UnityEngine.UI,
      Version=1.0.0.0, Culture=neutral, PublicKeyToken=null
  m_Sprite: {fileID: 21300000, guid: 03d91e2b43b1b1d40aea45bc361c240b, type: 3}
  m_Type: 0
  m_PreserveAspect: 0
  m_FillCenter: 1
  m_FillMethod: 4
  m_FillAmount: 1
  m_FillClockwise: 1
  m_FillOrigin: 0
--- !u!222 &540465845
CanvasRenderer:
  m_ObjectHideFlags: 0
  m_PrefabParentObject: {fileID: 22258794, guid: f21e76e419570ee40bbe28f9d3139291,
    type: 2}
  m_PrefabInternal: {fileID: 1697731274}
  m_GameObject: {fileID: 540465842}
--- !u!1 &553391980
GameObject:
  m_ObjectHideFlags: 0
  m_PrefabParentObject: {fileID: 158806, guid: f21e76e419570ee40bbe28f9d3139291, type: 2}
  m_PrefabInternal: {fileID: 1697731274}
  serializedVersion: 5
  m_Component:
  - component: {fileID: 553391981}
  - component: {fileID: 553391983}
  - component: {fileID: 553391982}
  m_Layer: 5
  m_Name: Image
  m_TagString: Untagged
  m_Icon: {fileID: 0}
  m_NavMeshLayer: 0
  m_StaticEditorFlags: 0
  m_IsActive: 1
--- !u!224 &553391981
RectTransform:
  m_ObjectHideFlags: 0
  m_PrefabParentObject: {fileID: 22458806, guid: f21e76e419570ee40bbe28f9d3139291,
    type: 2}
  m_PrefabInternal: {fileID: 1697731274}
  m_GameObject: {fileID: 553391980}
  m_LocalRotation: {x: 0, y: 0, z: 0, w: 1}
  m_LocalPosition: {x: 0, y: 0, z: 0}
  m_LocalScale: {x: 1, y: 1, z: 1}
  m_Children: []
  m_Father: {fileID: 601804378}
  m_RootOrder: 0
  m_LocalEulerAnglesHint: {x: 0, y: 0, z: 0}
  m_AnchorMin: {x: 0.5, y: 0.5}
  m_AnchorMax: {x: 0.5, y: 0.5}
  m_AnchoredPosition: {x: -60.3, y: 0}
  m_SizeDelta: {x: 37.3, y: 2}
  m_Pivot: {x: 0.5, y: 0.5}
--- !u!114 &553391982
MonoBehaviour:
  m_ObjectHideFlags: 0
  m_PrefabParentObject: {fileID: 11458812, guid: f21e76e419570ee40bbe28f9d3139291,
    type: 2}
  m_PrefabInternal: {fileID: 1697731274}
  m_GameObject: {fileID: 553391980}
  m_Enabled: 1
  m_EditorHideFlags: 0
  m_Script: {fileID: -765806418, guid: f5f67c52d1564df4a8936ccd202a3bd8, type: 3}
  m_Name: 
  m_EditorClassIdentifier: 
  m_Material: {fileID: 0}
  m_Color: {r: 0.9372549, g: 0.8862745, b: 0.75686276, a: 1}
  m_RaycastTarget: 1
  m_OnCullStateChanged:
    m_PersistentCalls:
      m_Calls: []
    m_TypeName: UnityEngine.UI.MaskableGraphic+CullStateChangedEvent, UnityEngine.UI,
      Version=1.0.0.0, Culture=neutral, PublicKeyToken=null
  m_Sprite: {fileID: 21300000, guid: 7ed1238760b863f4aafde32ab3a6f28c, type: 3}
  m_Type: 1
  m_PreserveAspect: 0
  m_FillCenter: 1
  m_FillMethod: 4
  m_FillAmount: 1
  m_FillClockwise: 1
  m_FillOrigin: 0
--- !u!222 &553391983
CanvasRenderer:
  m_ObjectHideFlags: 0
  m_PrefabParentObject: {fileID: 22258804, guid: f21e76e419570ee40bbe28f9d3139291,
    type: 2}
  m_PrefabInternal: {fileID: 1697731274}
  m_GameObject: {fileID: 553391980}
--- !u!1 &601804377
GameObject:
  m_ObjectHideFlags: 0
  m_PrefabParentObject: {fileID: 158808, guid: f21e76e419570ee40bbe28f9d3139291, type: 2}
  m_PrefabInternal: {fileID: 1697731274}
  serializedVersion: 5
  m_Component:
  - component: {fileID: 601804378}
  - component: {fileID: 601804380}
  - component: {fileID: 601804379}
  m_Layer: 5
  m_Name: Text
  m_TagString: Untagged
  m_Icon: {fileID: 0}
  m_NavMeshLayer: 0
  m_StaticEditorFlags: 0
  m_IsActive: 1
--- !u!224 &601804378
RectTransform:
  m_ObjectHideFlags: 0
  m_PrefabParentObject: {fileID: 22458808, guid: f21e76e419570ee40bbe28f9d3139291,
    type: 2}
  m_PrefabInternal: {fileID: 1697731274}
  m_GameObject: {fileID: 601804377}
  m_LocalRotation: {x: 0, y: 0, z: 0, w: 1}
  m_LocalPosition: {x: 0, y: 0, z: 0}
  m_LocalScale: {x: 1, y: 1, z: 1}
  m_Children:
  - {fileID: 553391981}
  m_Father: {fileID: 465844983}
  m_RootOrder: 0
  m_LocalEulerAnglesHint: {x: 0, y: 0, z: 0}
  m_AnchorMin: {x: 0.5, y: 0.5}
  m_AnchorMax: {x: 0.5, y: 0.5}
  m_AnchoredPosition: {x: -245.4, y: 0}
  m_SizeDelta: {x: 126.8, y: 40}
  m_Pivot: {x: 0.5, y: 0.5}
--- !u!114 &601804379
MonoBehaviour:
  m_ObjectHideFlags: 0
  m_PrefabParentObject: {fileID: 11458814, guid: f21e76e419570ee40bbe28f9d3139291,
    type: 2}
  m_PrefabInternal: {fileID: 1697731274}
  m_GameObject: {fileID: 601804377}
  m_Enabled: 1
  m_EditorHideFlags: 0
  m_Script: {fileID: 708705254, guid: f5f67c52d1564df4a8936ccd202a3bd8, type: 3}
  m_Name: 
  m_EditorClassIdentifier: 
  m_Material: {fileID: 0}
  m_Color: {r: 0.9372549, g: 0.8862745, b: 0.75686276, a: 1}
  m_RaycastTarget: 1
  m_OnCullStateChanged:
    m_PersistentCalls:
      m_Calls: []
    m_TypeName: UnityEngine.UI.MaskableGraphic+CullStateChangedEvent, UnityEngine.UI,
      Version=1.0.0.0, Culture=neutral, PublicKeyToken=null
  m_FontData:
    m_Font: {fileID: 12800000, guid: 218956a5c2a6e42d6a60afccf80b002b, type: 3}
    m_FontSize: 25
    m_FontStyle: 0
    m_BestFit: 0
    m_MinSize: 10
    m_MaxSize: 40
    m_Alignment: 4
    m_AlignByGeometry: 0
    m_RichText: 1
    m_HorizontalOverflow: 0
    m_VerticalOverflow: 0
    m_LineSpacing: 1
  m_Text: 100m
--- !u!222 &601804380
CanvasRenderer:
  m_ObjectHideFlags: 0
  m_PrefabParentObject: {fileID: 22258806, guid: f21e76e419570ee40bbe28f9d3139291,
    type: 2}
  m_PrefabInternal: {fileID: 1697731274}
  m_GameObject: {fileID: 601804377}
--- !u!1 &610965274
GameObject:
  m_ObjectHideFlags: 0
  m_PrefabParentObject: {fileID: 158776, guid: f21e76e419570ee40bbe28f9d3139291, type: 2}
  m_PrefabInternal: {fileID: 1697731274}
  serializedVersion: 5
  m_Component:
  - component: {fileID: 610965275}
  - component: {fileID: 610965277}
  - component: {fileID: 610965276}
  m_Layer: 5
  m_Name: MapElements
  m_TagString: Untagged
  m_Icon: {fileID: 0}
  m_NavMeshLayer: 0
  m_StaticEditorFlags: 0
  m_IsActive: 1
--- !u!224 &610965275
RectTransform:
  m_ObjectHideFlags: 0
  m_PrefabParentObject: {fileID: 22458776, guid: f21e76e419570ee40bbe28f9d3139291,
    type: 2}
  m_PrefabInternal: {fileID: 1697731274}
  m_GameObject: {fileID: 610965274}
  m_LocalRotation: {x: 0, y: 0, z: 0.7071068, w: 0.7071068}
  m_LocalPosition: {x: 0, y: 0, z: 0}
  m_LocalScale: {x: 1, y: 1, z: 1}
  m_Children: []
  m_Father: {fileID: 465844983}
  m_RootOrder: 4
  m_LocalEulerAnglesHint: {x: 0, y: 0, z: 0}
  m_AnchorMin: {x: 0.5, y: 0.5}
  m_AnchorMax: {x: 0.5, y: 0.5}
  m_AnchoredPosition: {x: 40, y: -7}
  m_SizeDelta: {x: 66, y: 71}
  m_Pivot: {x: 0.5, y: 0.5}
--- !u!114 &610965276
MonoBehaviour:
  m_ObjectHideFlags: 0
  m_PrefabParentObject: {fileID: 11458780, guid: f21e76e419570ee40bbe28f9d3139291,
    type: 2}
  m_PrefabInternal: {fileID: 1697731274}
  m_GameObject: {fileID: 610965274}
  m_Enabled: 1
  m_EditorHideFlags: 0
  m_Script: {fileID: -765806418, guid: f5f67c52d1564df4a8936ccd202a3bd8, type: 3}
  m_Name: 
  m_EditorClassIdentifier: 
  m_Material: {fileID: 0}
  m_Color: {r: 0.9411765, g: 0.8901961, b: 0.7607843, a: 1}
  m_RaycastTarget: 1
  m_OnCullStateChanged:
    m_PersistentCalls:
      m_Calls: []
    m_TypeName: UnityEngine.UI.MaskableGraphic+CullStateChangedEvent, UnityEngine.UI,
      Version=1.0.0.0, Culture=neutral, PublicKeyToken=null
  m_Sprite: {fileID: 21300000, guid: 03d91e2b43b1b1d40aea45bc361c240b, type: 3}
  m_Type: 0
  m_PreserveAspect: 0
  m_FillCenter: 1
  m_FillMethod: 4
  m_FillAmount: 1
  m_FillClockwise: 1
  m_FillOrigin: 0
--- !u!222 &610965277
CanvasRenderer:
  m_ObjectHideFlags: 0
  m_PrefabParentObject: {fileID: 22258776, guid: f21e76e419570ee40bbe28f9d3139291,
    type: 2}
  m_PrefabInternal: {fileID: 1697731274}
  m_GameObject: {fileID: 610965274}
--- !u!1 &722856383
GameObject:
  m_ObjectHideFlags: 0
  m_PrefabParentObject: {fileID: 158786, guid: f21e76e419570ee40bbe28f9d3139291, type: 2}
  m_PrefabInternal: {fileID: 1697731274}
  serializedVersion: 5
  m_Component:
  - component: {fileID: 722856384}
  - component: {fileID: 722856386}
  - component: {fileID: 722856385}
  m_Layer: 5
  m_Name: MapElements
  m_TagString: Untagged
  m_Icon: {fileID: 0}
  m_NavMeshLayer: 0
  m_StaticEditorFlags: 0
  m_IsActive: 1
--- !u!224 &722856384
RectTransform:
  m_ObjectHideFlags: 0
  m_PrefabParentObject: {fileID: 22458786, guid: f21e76e419570ee40bbe28f9d3139291,
    type: 2}
  m_PrefabInternal: {fileID: 1697731274}
  m_GameObject: {fileID: 722856383}
  m_LocalRotation: {x: 0, y: 0, z: 0, w: 1}
  m_LocalPosition: {x: 0, y: 0, z: 0}
  m_LocalScale: {x: 1, y: 1, z: 1}
  m_Children: []
  m_Father: {fileID: 465844983}
  m_RootOrder: 8
  m_LocalEulerAnglesHint: {x: 0, y: 0, z: 0}
  m_AnchorMin: {x: 0.5, y: 0.5}
  m_AnchorMax: {x: 0.5, y: 0.5}
  m_AnchoredPosition: {x: -42, y: 278}
  m_SizeDelta: {x: 74, y: 40}
  m_Pivot: {x: 0.5, y: 0.5}
--- !u!114 &722856385
MonoBehaviour:
  m_ObjectHideFlags: 0
  m_PrefabParentObject: {fileID: 11458790, guid: f21e76e419570ee40bbe28f9d3139291,
    type: 2}
  m_PrefabInternal: {fileID: 1697731274}
  m_GameObject: {fileID: 722856383}
  m_Enabled: 1
  m_EditorHideFlags: 0
  m_Script: {fileID: -765806418, guid: f5f67c52d1564df4a8936ccd202a3bd8, type: 3}
  m_Name: 
  m_EditorClassIdentifier: 
  m_Material: {fileID: 0}
  m_Color: {r: 0.9411765, g: 0.8901961, b: 0.7607843, a: 1}
  m_RaycastTarget: 1
  m_OnCullStateChanged:
    m_PersistentCalls:
      m_Calls: []
    m_TypeName: UnityEngine.UI.MaskableGraphic+CullStateChangedEvent, UnityEngine.UI,
      Version=1.0.0.0, Culture=neutral, PublicKeyToken=null
  m_Sprite: {fileID: 21300000, guid: 7ed1238760b863f4aafde32ab3a6f28c, type: 3}
  m_Type: 1
  m_PreserveAspect: 0
  m_FillCenter: 1
  m_FillMethod: 4
  m_FillAmount: 1
  m_FillClockwise: 1
  m_FillOrigin: 0
--- !u!222 &722856386
CanvasRenderer:
  m_ObjectHideFlags: 0
  m_PrefabParentObject: {fileID: 22258786, guid: f21e76e419570ee40bbe28f9d3139291,
    type: 2}
  m_PrefabInternal: {fileID: 1697731274}
  m_GameObject: {fileID: 722856383}
--- !u!1 &791863814
GameObject:
  m_ObjectHideFlags: 0
  m_PrefabParentObject: {fileID: 158782, guid: f21e76e419570ee40bbe28f9d3139291, type: 2}
  m_PrefabInternal: {fileID: 1697731274}
  serializedVersion: 5
  m_Component:
  - component: {fileID: 791863815}
  - component: {fileID: 791863817}
  - component: {fileID: 791863816}
  m_Layer: 5
  m_Name: Image
  m_TagString: Untagged
  m_Icon: {fileID: 0}
  m_NavMeshLayer: 0
  m_StaticEditorFlags: 0
  m_IsActive: 1
--- !u!224 &791863815
RectTransform:
  m_ObjectHideFlags: 0
  m_PrefabParentObject: {fileID: 22458782, guid: f21e76e419570ee40bbe28f9d3139291,
    type: 2}
  m_PrefabInternal: {fileID: 1697731274}
  m_GameObject: {fileID: 791863814}
  m_LocalRotation: {x: 0, y: 0, z: 0, w: 1}
  m_LocalPosition: {x: 0, y: 0, z: 0}
  m_LocalScale: {x: 1, y: 1, z: 1}
  m_Children: []
  m_Father: {fileID: 1603297982}
  m_RootOrder: 0
  m_LocalEulerAnglesHint: {x: 0, y: 0, z: 0}
  m_AnchorMin: {x: 0.5, y: 0.5}
  m_AnchorMax: {x: 0.5, y: 0.5}
  m_AnchoredPosition: {x: -60.3, y: 0}
  m_SizeDelta: {x: 37.3, y: 2}
  m_Pivot: {x: 0.5, y: 0.5}
--- !u!114 &791863816
MonoBehaviour:
  m_ObjectHideFlags: 0
  m_PrefabParentObject: {fileID: 11458786, guid: f21e76e419570ee40bbe28f9d3139291,
    type: 2}
  m_PrefabInternal: {fileID: 1697731274}
  m_GameObject: {fileID: 791863814}
  m_Enabled: 1
  m_EditorHideFlags: 0
  m_Script: {fileID: -765806418, guid: f5f67c52d1564df4a8936ccd202a3bd8, type: 3}
  m_Name: 
  m_EditorClassIdentifier: 
  m_Material: {fileID: 0}
  m_Color: {r: 0.9372549, g: 0.8862745, b: 0.75686276, a: 1}
  m_RaycastTarget: 1
  m_OnCullStateChanged:
    m_PersistentCalls:
      m_Calls: []
    m_TypeName: UnityEngine.UI.MaskableGraphic+CullStateChangedEvent, UnityEngine.UI,
      Version=1.0.0.0, Culture=neutral, PublicKeyToken=null
  m_Sprite: {fileID: 21300000, guid: 7ed1238760b863f4aafde32ab3a6f28c, type: 3}
  m_Type: 1
  m_PreserveAspect: 0
  m_FillCenter: 1
  m_FillMethod: 4
  m_FillAmount: 1
  m_FillClockwise: 1
  m_FillOrigin: 0
--- !u!222 &791863817
CanvasRenderer:
  m_ObjectHideFlags: 0
  m_PrefabParentObject: {fileID: 22258782, guid: f21e76e419570ee40bbe28f9d3139291,
    type: 2}
  m_PrefabInternal: {fileID: 1697731274}
  m_GameObject: {fileID: 791863814}
--- !u!1 &805749110
GameObject:
  m_ObjectHideFlags: 0
  m_PrefabParentObject: {fileID: 158796, guid: f21e76e419570ee40bbe28f9d3139291, type: 2}
  m_PrefabInternal: {fileID: 1697731274}
  serializedVersion: 5
  m_Component:
  - component: {fileID: 805749111}
  - component: {fileID: 805749113}
  - component: {fileID: 805749112}
  m_Layer: 5
  m_Name: PlayerBlocks
  m_TagString: Untagged
  m_Icon: {fileID: 0}
  m_NavMeshLayer: 0
  m_StaticEditorFlags: 0
  m_IsActive: 1
--- !u!224 &805749111
RectTransform:
  m_ObjectHideFlags: 0
  m_PrefabParentObject: {fileID: 22458796, guid: f21e76e419570ee40bbe28f9d3139291,
    type: 2}
  m_PrefabInternal: {fileID: 1697731274}
  m_GameObject: {fileID: 805749110}
  m_LocalRotation: {x: 0, y: 0, z: 0, w: 1}
  m_LocalPosition: {x: 0, y: 0, z: 0}
  m_LocalScale: {x: 1, y: 1, z: 1}
  m_Children: []
  m_Father: {fileID: 465844983}
  m_RootOrder: 19
  m_LocalEulerAnglesHint: {x: 0, y: 0, z: 0}
  m_AnchorMin: {x: 0.5, y: 0.5}
  m_AnchorMax: {x: 0.5, y: 0.5}
  m_AnchoredPosition: {x: -99, y: -405}
  m_SizeDelta: {x: 40, y: 40}
  m_Pivot: {x: 0.5, y: 0.5}
--- !u!114 &805749112
MonoBehaviour:
  m_ObjectHideFlags: 0
  m_PrefabParentObject: {fileID: 11458800, guid: f21e76e419570ee40bbe28f9d3139291,
    type: 2}
  m_PrefabInternal: {fileID: 1697731274}
  m_GameObject: {fileID: 805749110}
  m_Enabled: 1
  m_EditorHideFlags: 0
  m_Script: {fileID: -765806418, guid: f5f67c52d1564df4a8936ccd202a3bd8, type: 3}
  m_Name: 
  m_EditorClassIdentifier: 
  m_Material: {fileID: 0}
  m_Color: {r: 0, g: 0.8627451, b: 0.38431373, a: 1}
  m_RaycastTarget: 1
  m_OnCullStateChanged:
    m_PersistentCalls:
      m_Calls: []
    m_TypeName: UnityEngine.UI.MaskableGraphic+CullStateChangedEvent, UnityEngine.UI,
      Version=1.0.0.0, Culture=neutral, PublicKeyToken=null
  m_Sprite: {fileID: 21300000, guid: 7ed1238760b863f4aafde32ab3a6f28c, type: 3}
  m_Type: 1
  m_PreserveAspect: 0
  m_FillCenter: 1
  m_FillMethod: 4
  m_FillAmount: 1
  m_FillClockwise: 1
  m_FillOrigin: 0
--- !u!222 &805749113
CanvasRenderer:
  m_ObjectHideFlags: 0
  m_PrefabParentObject: {fileID: 22258796, guid: f21e76e419570ee40bbe28f9d3139291,
    type: 2}
  m_PrefabInternal: {fileID: 1697731274}
  m_GameObject: {fileID: 805749110}
--- !u!1 &960974038
GameObject:
  m_ObjectHideFlags: 0
  m_PrefabParentObject: {fileID: 158798, guid: f21e76e419570ee40bbe28f9d3139291, type: 2}
  m_PrefabInternal: {fileID: 1697731274}
  serializedVersion: 5
  m_Component:
  - component: {fileID: 960974039}
  - component: {fileID: 960974041}
  - component: {fileID: 960974040}
  m_Layer: 5
  m_Name: MapElements
  m_TagString: Untagged
  m_Icon: {fileID: 0}
  m_NavMeshLayer: 0
  m_StaticEditorFlags: 0
  m_IsActive: 1
--- !u!224 &960974039
RectTransform:
  m_ObjectHideFlags: 0
  m_PrefabParentObject: {fileID: 22458798, guid: f21e76e419570ee40bbe28f9d3139291,
    type: 2}
  m_PrefabInternal: {fileID: 1697731274}
  m_GameObject: {fileID: 960974038}
  m_LocalRotation: {x: 0, y: 0, z: 0, w: 1}
  m_LocalPosition: {x: 0, y: 0, z: 0}
  m_LocalScale: {x: 1, y: 1, z: 1}
  m_Children: []
  m_Father: {fileID: 465844983}
  m_RootOrder: 2
  m_LocalEulerAnglesHint: {x: 0, y: 0, z: 0}
  m_AnchorMin: {x: 0.5, y: 0.5}
  m_AnchorMax: {x: 0.5, y: 0.5}
  m_AnchoredPosition: {x: 0, y: 0}
  m_SizeDelta: {x: 10, y: 1136}
  m_Pivot: {x: 0.5, y: 0.5}
--- !u!114 &960974040
MonoBehaviour:
  m_ObjectHideFlags: 0
  m_PrefabParentObject: {fileID: 11458802, guid: f21e76e419570ee40bbe28f9d3139291,
    type: 2}
  m_PrefabInternal: {fileID: 1697731274}
  m_GameObject: {fileID: 960974038}
  m_Enabled: 1
  m_EditorHideFlags: 0
  m_Script: {fileID: -765806418, guid: f5f67c52d1564df4a8936ccd202a3bd8, type: 3}
  m_Name: 
  m_EditorClassIdentifier: 
  m_Material: {fileID: 0}
  m_Color: {r: 0.9372549, g: 0.8862745, b: 0.75686276, a: 1}
  m_RaycastTarget: 1
  m_OnCullStateChanged:
    m_PersistentCalls:
      m_Calls: []
    m_TypeName: UnityEngine.UI.MaskableGraphic+CullStateChangedEvent, UnityEngine.UI,
      Version=1.0.0.0, Culture=neutral, PublicKeyToken=null
  m_Sprite: {fileID: 21300000, guid: 7ed1238760b863f4aafde32ab3a6f28c, type: 3}
  m_Type: 1
  m_PreserveAspect: 0
  m_FillCenter: 1
  m_FillMethod: 4
  m_FillAmount: 1
  m_FillClockwise: 1
  m_FillOrigin: 0
--- !u!222 &960974041
CanvasRenderer:
  m_ObjectHideFlags: 0
  m_PrefabParentObject: {fileID: 22258798, guid: f21e76e419570ee40bbe28f9d3139291,
    type: 2}
  m_PrefabInternal: {fileID: 1697731274}
  m_GameObject: {fileID: 960974038}
--- !u!1 &1076746016
GameObject:
  m_ObjectHideFlags: 0
  m_PrefabParentObject: {fileID: 158774, guid: f21e76e419570ee40bbe28f9d3139291, type: 2}
  m_PrefabInternal: {fileID: 1697731274}
  serializedVersion: 5
  m_Component:
  - component: {fileID: 1076746017}
  - component: {fileID: 1076746019}
  - component: {fileID: 1076746018}
  m_Layer: 5
  m_Name: MapElements
  m_TagString: Untagged
  m_Icon: {fileID: 0}
  m_NavMeshLayer: 0
  m_StaticEditorFlags: 0
  m_IsActive: 1
--- !u!224 &1076746017
RectTransform:
  m_ObjectHideFlags: 0
  m_PrefabParentObject: {fileID: 22458774, guid: f21e76e419570ee40bbe28f9d3139291,
    type: 2}
  m_PrefabInternal: {fileID: 1697731274}
  m_GameObject: {fileID: 1076746016}
  m_LocalRotation: {x: 0, y: 0, z: 0, w: 1}
  m_LocalPosition: {x: 0, y: 0, z: 0}
  m_LocalScale: {x: 1, y: 1, z: 1}
  m_Children: []
  m_Father: {fileID: 465844983}
  m_RootOrder: 6
  m_LocalEulerAnglesHint: {x: 0, y: 0, z: 0}
  m_AnchorMin: {x: 0.5, y: 0.5}
  m_AnchorMax: {x: 0.5, y: 0.5}
  m_AnchoredPosition: {x: -25, y: -117}
  m_SizeDelta: {x: 40, y: 40}
  m_Pivot: {x: 0.5, y: 0.5}
--- !u!114 &1076746018
MonoBehaviour:
  m_ObjectHideFlags: 0
  m_PrefabParentObject: {fileID: 11458778, guid: f21e76e419570ee40bbe28f9d3139291,
    type: 2}
  m_PrefabInternal: {fileID: 1697731274}
  m_GameObject: {fileID: 1076746016}
  m_Enabled: 1
  m_EditorHideFlags: 0
  m_Script: {fileID: -765806418, guid: f5f67c52d1564df4a8936ccd202a3bd8, type: 3}
  m_Name: 
  m_EditorClassIdentifier: 
  m_Material: {fileID: 0}
  m_Color: {r: 0.9411765, g: 0.8901961, b: 0.7607843, a: 1}
  m_RaycastTarget: 1
  m_OnCullStateChanged:
    m_PersistentCalls:
      m_Calls: []
    m_TypeName: UnityEngine.UI.MaskableGraphic+CullStateChangedEvent, UnityEngine.UI,
      Version=1.0.0.0, Culture=neutral, PublicKeyToken=null
  m_Sprite: {fileID: 21300000, guid: 7ed1238760b863f4aafde32ab3a6f28c, type: 3}
  m_Type: 1
  m_PreserveAspect: 0
  m_FillCenter: 1
  m_FillMethod: 4
  m_FillAmount: 1
  m_FillClockwise: 1
  m_FillOrigin: 0
--- !u!222 &1076746019
CanvasRenderer:
  m_ObjectHideFlags: 0
  m_PrefabParentObject: {fileID: 22258774, guid: f21e76e419570ee40bbe28f9d3139291,
    type: 2}
  m_PrefabInternal: {fileID: 1697731274}
  m_GameObject: {fileID: 1076746016}
--- !u!1 &1116838069
GameObject:
  m_ObjectHideFlags: 0
  m_PrefabParentObject: {fileID: 158780, guid: f21e76e419570ee40bbe28f9d3139291, type: 2}
  m_PrefabInternal: {fileID: 1697731274}
  serializedVersion: 5
  m_Component:
  - component: {fileID: 1116838070}
  - component: {fileID: 1116838072}
  - component: {fileID: 1116838071}
  m_Layer: 5
  m_Name: MapElements
  m_TagString: Untagged
  m_Icon: {fileID: 0}
  m_NavMeshLayer: 0
  m_StaticEditorFlags: 0
  m_IsActive: 1
--- !u!224 &1116838070
RectTransform:
  m_ObjectHideFlags: 0
  m_PrefabParentObject: {fileID: 22458780, guid: f21e76e419570ee40bbe28f9d3139291,
    type: 2}
  m_PrefabInternal: {fileID: 1697731274}
  m_GameObject: {fileID: 1116838069}
  m_LocalRotation: {x: 0, y: 0, z: 0, w: 1}
  m_LocalPosition: {x: 0, y: 0, z: 0}
  m_LocalScale: {x: 1, y: 1, z: 1}
  m_Children: []
  m_Father: {fileID: 465844983}
  m_RootOrder: 10
  m_LocalEulerAnglesHint: {x: 0, y: 0, z: 0}
  m_AnchorMin: {x: 0.5, y: 0.5}
  m_AnchorMax: {x: 0.5, y: 0.5}
  m_AnchoredPosition: {x: 0, y: 0}
  m_SizeDelta: {x: 42, y: 1136}
  m_Pivot: {x: 0.5, y: 0.5}
--- !u!114 &1116838071
MonoBehaviour:
  m_ObjectHideFlags: 0
  m_PrefabParentObject: {fileID: 11458784, guid: f21e76e419570ee40bbe28f9d3139291,
    type: 2}
  m_PrefabInternal: {fileID: 1697731274}
  m_GameObject: {fileID: 1116838069}
  m_Enabled: 1
  m_EditorHideFlags: 0
  m_Script: {fileID: -765806418, guid: f5f67c52d1564df4a8936ccd202a3bd8, type: 3}
  m_Name: 
  m_EditorClassIdentifier: 
  m_Material: {fileID: 0}
  m_Color: {r: 0.9372549, g: 0.8862745, b: 0.75686276, a: 0.1764706}
  m_RaycastTarget: 1
  m_OnCullStateChanged:
    m_PersistentCalls:
      m_Calls: []
    m_TypeName: UnityEngine.UI.MaskableGraphic+CullStateChangedEvent, UnityEngine.UI,
      Version=1.0.0.0, Culture=neutral, PublicKeyToken=null
  m_Sprite: {fileID: 21300000, guid: 7ed1238760b863f4aafde32ab3a6f28c, type: 3}
  m_Type: 1
  m_PreserveAspect: 0
  m_FillCenter: 1
  m_FillMethod: 4
  m_FillAmount: 1
  m_FillClockwise: 1
  m_FillOrigin: 0
--- !u!222 &1116838072
CanvasRenderer:
  m_ObjectHideFlags: 0
  m_PrefabParentObject: {fileID: 22258780, guid: f21e76e419570ee40bbe28f9d3139291,
    type: 2}
  m_PrefabInternal: {fileID: 1697731274}
  m_GameObject: {fileID: 1116838069}
--- !u!1 &1183605111
GameObject:
  m_ObjectHideFlags: 0
  m_PrefabParentObject: {fileID: 158784, guid: f21e76e419570ee40bbe28f9d3139291, type: 2}
  m_PrefabInternal: {fileID: 1697731274}
  serializedVersion: 5
  m_Component:
  - component: {fileID: 1183605112}
  - component: {fileID: 1183605114}
  - component: {fileID: 1183605113}
  m_Layer: 5
  m_Name: MapElements
  m_TagString: Untagged
  m_Icon: {fileID: 0}
  m_NavMeshLayer: 0
  m_StaticEditorFlags: 0
  m_IsActive: 1
--- !u!224 &1183605112
RectTransform:
  m_ObjectHideFlags: 0
  m_PrefabParentObject: {fileID: 22458784, guid: f21e76e419570ee40bbe28f9d3139291,
    type: 2}
  m_PrefabInternal: {fileID: 1697731274}
  m_GameObject: {fileID: 1183605111}
  m_LocalRotation: {x: 0, y: 0, z: -0.7071068, w: 0.7071068}
  m_LocalPosition: {x: 0, y: 0, z: 0}
  m_LocalScale: {x: 1, y: 1, z: 1}
  m_Children: []
  m_Father: {fileID: 465844983}
  m_RootOrder: 11
  m_LocalEulerAnglesHint: {x: 0, y: 0, z: 0}
  m_AnchorMin: {x: 0.5, y: 0.5}
  m_AnchorMax: {x: 0.5, y: 0.5}
  m_AnchoredPosition: {x: 235, y: -7}
  m_SizeDelta: {x: 66, y: 171}
  m_Pivot: {x: 0.5, y: 0.5}
--- !u!114 &1183605113
MonoBehaviour:
  m_ObjectHideFlags: 0
  m_PrefabParentObject: {fileID: 11458788, guid: f21e76e419570ee40bbe28f9d3139291,
    type: 2}
  m_PrefabInternal: {fileID: 1697731274}
  m_GameObject: {fileID: 1183605111}
  m_Enabled: 1
  m_EditorHideFlags: 0
  m_Script: {fileID: -765806418, guid: f5f67c52d1564df4a8936ccd202a3bd8, type: 3}
  m_Name: 
  m_EditorClassIdentifier: 
  m_Material: {fileID: 0}
  m_Color: {r: 0.9411765, g: 0.8901961, b: 0.7607843, a: 1}
  m_RaycastTarget: 1
  m_OnCullStateChanged:
    m_PersistentCalls:
      m_Calls: []
    m_TypeName: UnityEngine.UI.MaskableGraphic+CullStateChangedEvent, UnityEngine.UI,
      Version=1.0.0.0, Culture=neutral, PublicKeyToken=null
  m_Sprite: {fileID: 21300000, guid: 03d91e2b43b1b1d40aea45bc361c240b, type: 3}
  m_Type: 0
  m_PreserveAspect: 0
  m_FillCenter: 1
  m_FillMethod: 4
  m_FillAmount: 1
  m_FillClockwise: 1
  m_FillOrigin: 0
--- !u!222 &1183605114
CanvasRenderer:
  m_ObjectHideFlags: 0
  m_PrefabParentObject: {fileID: 22258784, guid: f21e76e419570ee40bbe28f9d3139291,
    type: 2}
  m_PrefabInternal: {fileID: 1697731274}
  m_GameObject: {fileID: 1183605111}
--- !u!1 &1193096889
GameObject:
  m_ObjectHideFlags: 0
  m_PrefabParentObject: {fileID: 158772, guid: f21e76e419570ee40bbe28f9d3139291, type: 2}
  m_PrefabInternal: {fileID: 1697731274}
  serializedVersion: 5
  m_Component:
  - component: {fileID: 1193096890}
  - component: {fileID: 1193096893}
  - component: {fileID: 1193096892}
  - component: {fileID: 1193096891}
  m_Layer: 5
  m_Name: Panel
  m_TagString: Untagged
  m_Icon: {fileID: 0}
  m_NavMeshLayer: 0
  m_StaticEditorFlags: 0
  m_IsActive: 1
--- !u!224 &1193096890
RectTransform:
  m_ObjectHideFlags: 0
  m_PrefabParentObject: {fileID: 22458772, guid: f21e76e419570ee40bbe28f9d3139291,
    type: 2}
  m_PrefabInternal: {fileID: 1697731274}
  m_GameObject: {fileID: 1193096889}
  m_LocalRotation: {x: 0, y: 0, z: 0, w: 1}
  m_LocalPosition: {x: 0, y: 0, z: 0}
  m_LocalScale: {x: 1, y: 1, z: 1}
  m_Children:
  - {fileID: 465844983}
  m_Father: {fileID: 1813800353}
  m_RootOrder: 1
  m_LocalEulerAnglesHint: {x: 0, y: 0, z: 0}
  m_AnchorMin: {x: 0.5, y: 0.5}
  m_AnchorMax: {x: 0.5, y: 0.5}
  m_AnchoredPosition: {x: 0, y: -0.020019531}
  m_SizeDelta: {x: 640, y: 1136}
  m_Pivot: {x: 0.5, y: 0.5}
--- !u!114 &1193096891
MonoBehaviour:
  m_ObjectHideFlags: 0
  m_PrefabParentObject: {fileID: 11458774, guid: f21e76e419570ee40bbe28f9d3139291,
    type: 2}
  m_PrefabInternal: {fileID: 1697731274}
  m_GameObject: {fileID: 1193096889}
  m_Enabled: 1
  m_EditorHideFlags: 0
  m_Script: {fileID: -1200242548, guid: f5f67c52d1564df4a8936ccd202a3bd8, type: 3}
  m_Name: 
  m_EditorClassIdentifier: 
  m_ShowMaskGraphic: 1
--- !u!114 &1193096892
MonoBehaviour:
  m_ObjectHideFlags: 0
  m_PrefabParentObject: {fileID: 11458776, guid: f21e76e419570ee40bbe28f9d3139291,
    type: 2}
  m_PrefabInternal: {fileID: 1697731274}
  m_GameObject: {fileID: 1193096889}
  m_Enabled: 1
  m_EditorHideFlags: 0
  m_Script: {fileID: -765806418, guid: f5f67c52d1564df4a8936ccd202a3bd8, type: 3}
  m_Name: 
  m_EditorClassIdentifier: 
  m_Material: {fileID: 0}
  m_Color: {r: 0.9338235, g: 0.9338235, b: 0.9338235, a: 1}
  m_RaycastTarget: 1
  m_OnCullStateChanged:
    m_PersistentCalls:
      m_Calls: []
    m_TypeName: UnityEngine.UI.MaskableGraphic+CullStateChangedEvent, UnityEngine.UI,
      Version=1.0.0.0, Culture=neutral, PublicKeyToken=null
  m_Sprite: {fileID: 21300000, guid: 7ed1238760b863f4aafde32ab3a6f28c, type: 3}
  m_Type: 1
  m_PreserveAspect: 0
  m_FillCenter: 1
  m_FillMethod: 4
  m_FillAmount: 1
  m_FillClockwise: 1
  m_FillOrigin: 0
--- !u!222 &1193096893
CanvasRenderer:
  m_ObjectHideFlags: 0
  m_PrefabParentObject: {fileID: 22258772, guid: f21e76e419570ee40bbe28f9d3139291,
    type: 2}
  m_PrefabInternal: {fileID: 1697731274}
  m_GameObject: {fileID: 1193096889}
--- !u!1 &1390654701
GameObject:
  m_ObjectHideFlags: 0
  m_PrefabParentObject: {fileID: 158778, guid: f21e76e419570ee40bbe28f9d3139291, type: 2}
  m_PrefabInternal: {fileID: 1697731274}
  serializedVersion: 5
  m_Component:
  - component: {fileID: 1390654702}
  - component: {fileID: 1390654704}
  - component: {fileID: 1390654703}
  m_Layer: 5
  m_Name: AppTitle
  m_TagString: Untagged
  m_Icon: {fileID: 0}
  m_NavMeshLayer: 0
  m_StaticEditorFlags: 0
  m_IsActive: 1
--- !u!224 &1390654702
RectTransform:
  m_ObjectHideFlags: 0
  m_PrefabParentObject: {fileID: 22458778, guid: f21e76e419570ee40bbe28f9d3139291,
    type: 2}
  m_PrefabInternal: {fileID: 1697731274}
  m_GameObject: {fileID: 1390654701}
  m_LocalRotation: {x: 0, y: 0, z: 0, w: 1}
  m_LocalPosition: {x: 0, y: 0, z: 0}
  m_LocalScale: {x: 1, y: 1, z: 1}
  m_Children:
  - {fileID: 127536706}
  m_Father: {fileID: 1813800353}
  m_RootOrder: 0
  m_LocalEulerAnglesHint: {x: 0, y: 0, z: 0}
  m_AnchorMin: {x: 0.5, y: 0.5}
  m_AnchorMax: {x: 0.5, y: 0.5}
  m_AnchoredPosition: {x: 27.495, y: 633}
  m_SizeDelta: {x: 695, y: 109}
  m_Pivot: {x: 0.5, y: 0.5}
--- !u!114 &1390654703
MonoBehaviour:
  m_ObjectHideFlags: 0
  m_PrefabParentObject: {fileID: 11458782, guid: f21e76e419570ee40bbe28f9d3139291,
    type: 2}
  m_PrefabInternal: {fileID: 1697731274}
  m_GameObject: {fileID: 1390654701}
  m_Enabled: 1
  m_EditorHideFlags: 0
  m_Script: {fileID: 708705254, guid: f5f67c52d1564df4a8936ccd202a3bd8, type: 3}
  m_Name: 
  m_EditorClassIdentifier: 
  m_Material: {fileID: 0}
  m_Color: {r: 0.85490197, g: 0.85490197, b: 0.85490197, a: 1}
  m_RaycastTarget: 1
  m_OnCullStateChanged:
    m_PersistentCalls:
      m_Calls: []
    m_TypeName: UnityEngine.UI.MaskableGraphic+CullStateChangedEvent, UnityEngine.UI,
      Version=1.0.0.0, Culture=neutral, PublicKeyToken=null
  m_FontData:
    m_Font: {fileID: 12800000, guid: 218956a5c2a6e42d6a60afccf80b002b, type: 3}
    m_FontSize: 102
    m_FontStyle: 0
    m_BestFit: 0
    m_MinSize: 10
    m_MaxSize: 102
    m_Alignment: 0
    m_AlignByGeometry: 0
    m_RichText: 1
    m_HorizontalOverflow: 0
    m_VerticalOverflow: 1
    m_LineSpacing: 1
  m_Text: GAME
--- !u!222 &1390654704
CanvasRenderer:
  m_ObjectHideFlags: 0
  m_PrefabParentObject: {fileID: 22258778, guid: f21e76e419570ee40bbe28f9d3139291,
    type: 2}
  m_PrefabInternal: {fileID: 1697731274}
  m_GameObject: {fileID: 1390654701}
--- !u!1 &1500371475
GameObject:
  m_ObjectHideFlags: 0
  m_PrefabParentObject: {fileID: 0}
  m_PrefabInternal: {fileID: 0}
  serializedVersion: 5
  m_Component:
  - component: {fileID: 1500371479}
  - component: {fileID: 1500371478}
  - component: {fileID: 1500371477}
  - component: {fileID: 1500371476}
  m_Layer: 0
  m_Name: EventSystem
  m_TagString: Untagged
  m_Icon: {fileID: 0}
  m_NavMeshLayer: 0
  m_StaticEditorFlags: 0
  m_IsActive: 1
--- !u!114 &1500371476
MonoBehaviour:
  m_ObjectHideFlags: 0
  m_PrefabParentObject: {fileID: 0}
  m_PrefabInternal: {fileID: 0}
  m_GameObject: {fileID: 1500371475}
  m_Enabled: 1
  m_EditorHideFlags: 0
  m_Script: {fileID: 1997211142, guid: f5f67c52d1564df4a8936ccd202a3bd8, type: 3}
  m_Name: 
  m_EditorClassIdentifier: 
  m_ForceModuleActive: 0
--- !u!114 &1500371477
MonoBehaviour:
  m_ObjectHideFlags: 0
  m_PrefabParentObject: {fileID: 0}
  m_PrefabInternal: {fileID: 0}
  m_GameObject: {fileID: 1500371475}
  m_Enabled: 1
  m_EditorHideFlags: 0
  m_Script: {fileID: 1077351063, guid: f5f67c52d1564df4a8936ccd202a3bd8, type: 3}
  m_Name: 
  m_EditorClassIdentifier: 
  m_HorizontalAxis: Horizontal
  m_VerticalAxis: Vertical
  m_SubmitButton: Submit
  m_CancelButton: Cancel
  m_InputActionsPerSecond: 10
  m_RepeatDelay: 0.5
  m_ForceModuleActive: 0
--- !u!114 &1500371478
MonoBehaviour:
  m_ObjectHideFlags: 0
  m_PrefabParentObject: {fileID: 0}
  m_PrefabInternal: {fileID: 0}
  m_GameObject: {fileID: 1500371475}
  m_Enabled: 1
  m_EditorHideFlags: 0
  m_Script: {fileID: -619905303, guid: f5f67c52d1564df4a8936ccd202a3bd8, type: 3}
  m_Name: 
  m_EditorClassIdentifier: 
  m_FirstSelected: {fileID: 0}
  m_sendNavigationEvents: 1
  m_DragThreshold: 5
--- !u!4 &1500371479
Transform:
  m_ObjectHideFlags: 0
  m_PrefabParentObject: {fileID: 0}
  m_PrefabInternal: {fileID: 0}
  m_GameObject: {fileID: 1500371475}
  m_LocalRotation: {x: 0, y: 0, z: 0, w: 1}
  m_LocalPosition: {x: 0, y: 0, z: 0}
  m_LocalScale: {x: 1, y: 1, z: 1}
  m_Children: []
  m_Father: {fileID: 0}
  m_RootOrder: 1
  m_LocalEulerAnglesHint: {x: 0, y: 0, z: 0}
--- !u!1 &1511305452
GameObject:
  m_ObjectHideFlags: 0
  m_PrefabParentObject: {fileID: 0}
  m_PrefabInternal: {fileID: 0}
  serializedVersion: 5
  m_Component:
  - component: {fileID: 1511305453}
  m_Layer: 0
  m_Name: __SET_YOUR_GAMESCREEN_TO_640x1136
  m_TagString: Untagged
  m_Icon: {fileID: 0}
  m_NavMeshLayer: 0
  m_StaticEditorFlags: 0
  m_IsActive: 1
--- !u!4 &1511305453
Transform:
  m_ObjectHideFlags: 0
  m_PrefabParentObject: {fileID: 0}
  m_PrefabInternal: {fileID: 0}
  m_GameObject: {fileID: 1511305452}
  m_LocalRotation: {x: 0, y: 0, z: 0, w: 1}
  m_LocalPosition: {x: 494.995, y: 627.74, z: 0}
  m_LocalScale: {x: 1, y: 1, z: 1}
  m_Children: []
  m_Father: {fileID: 0}
  m_RootOrder: 2
  m_LocalEulerAnglesHint: {x: 0, y: 0, z: 0}
--- !u!1 &1603297981
GameObject:
  m_ObjectHideFlags: 0
  m_PrefabParentObject: {fileID: 158770, guid: f21e76e419570ee40bbe28f9d3139291, type: 2}
  m_PrefabInternal: {fileID: 1697731274}
  serializedVersion: 5
  m_Component:
  - component: {fileID: 1603297982}
  - component: {fileID: 1603297984}
  - component: {fileID: 1603297983}
  m_Layer: 5
  m_Name: Text
  m_TagString: Untagged
  m_Icon: {fileID: 0}
  m_NavMeshLayer: 0
  m_StaticEditorFlags: 0
  m_IsActive: 1
--- !u!224 &1603297982
RectTransform:
  m_ObjectHideFlags: 0
  m_PrefabParentObject: {fileID: 22458770, guid: f21e76e419570ee40bbe28f9d3139291,
    type: 2}
  m_PrefabInternal: {fileID: 1697731274}
  m_GameObject: {fileID: 1603297981}
  m_LocalRotation: {x: 0, y: 0, z: 0, w: 1}
  m_LocalPosition: {x: 0, y: 0, z: 0}
  m_LocalScale: {x: 1, y: 1, z: 1}
  m_Children:
  - {fileID: 791863815}
  m_Father: {fileID: 465844983}
  m_RootOrder: 1
  m_LocalEulerAnglesHint: {x: 0, y: 0, z: 0}
  m_AnchorMin: {x: 0.5, y: 0.5}
  m_AnchorMax: {x: 0.5, y: 0.5}
  m_AnchoredPosition: {x: -245.4, y: 445.6}
  m_SizeDelta: {x: 126.8, y: 40}
  m_Pivot: {x: 0.5, y: 0.5}
--- !u!114 &1603297983
MonoBehaviour:
  m_ObjectHideFlags: 0
  m_PrefabParentObject: {fileID: 11458772, guid: f21e76e419570ee40bbe28f9d3139291,
    type: 2}
  m_PrefabInternal: {fileID: 1697731274}
  m_GameObject: {fileID: 1603297981}
  m_Enabled: 1
  m_EditorHideFlags: 0
  m_Script: {fileID: 708705254, guid: f5f67c52d1564df4a8936ccd202a3bd8, type: 3}
  m_Name: 
  m_EditorClassIdentifier: 
  m_Material: {fileID: 0}
  m_Color: {r: 0.9372549, g: 0.8862745, b: 0.75686276, a: 1}
  m_RaycastTarget: 1
  m_OnCullStateChanged:
    m_PersistentCalls:
      m_Calls: []
    m_TypeName: UnityEngine.UI.MaskableGraphic+CullStateChangedEvent, UnityEngine.UI,
      Version=1.0.0.0, Culture=neutral, PublicKeyToken=null
  m_FontData:
    m_Font: {fileID: 12800000, guid: 218956a5c2a6e42d6a60afccf80b002b, type: 3}
    m_FontSize: 25
    m_FontStyle: 0
    m_BestFit: 0
    m_MinSize: 10
    m_MaxSize: 40
    m_Alignment: 4
    m_AlignByGeometry: 0
    m_RichText: 1
    m_HorizontalOverflow: 0
    m_VerticalOverflow: 0
    m_LineSpacing: 1
  m_Text: 200m
--- !u!222 &1603297984
CanvasRenderer:
  m_ObjectHideFlags: 0
  m_PrefabParentObject: {fileID: 22258770, guid: f21e76e419570ee40bbe28f9d3139291,
    type: 2}
  m_PrefabInternal: {fileID: 1697731274}
  m_GameObject: {fileID: 1603297981}
--- !u!1 &1631561123
GameObject:
  m_ObjectHideFlags: 0
  m_PrefabParentObject: {fileID: 158804, guid: f21e76e419570ee40bbe28f9d3139291, type: 2}
  m_PrefabInternal: {fileID: 1697731274}
  serializedVersion: 5
  m_Component:
  - component: {fileID: 1631561124}
  - component: {fileID: 1631561126}
  - component: {fileID: 1631561125}
  m_Layer: 5
  m_Name: MapElements
  m_TagString: Untagged
  m_Icon: {fileID: 0}
  m_NavMeshLayer: 0
  m_StaticEditorFlags: 0
  m_IsActive: 1
--- !u!224 &1631561124
RectTransform:
  m_ObjectHideFlags: 0
  m_PrefabParentObject: {fileID: 22458804, guid: f21e76e419570ee40bbe28f9d3139291,
    type: 2}
  m_PrefabInternal: {fileID: 1697731274}
  m_GameObject: {fileID: 1631561123}
  m_LocalRotation: {x: 0, y: 0, z: 0, w: 1}
  m_LocalPosition: {x: 0, y: 0, z: 0}
  m_LocalScale: {x: 1, y: 1, z: 1}
  m_Children: []
  m_Father: {fileID: 465844983}
  m_RootOrder: 16
  m_LocalEulerAnglesHint: {x: 0, y: 0, z: 0}
  m_AnchorMin: {x: 0.5, y: 0.5}
  m_AnchorMax: {x: 0.5, y: 0.5}
  m_AnchoredPosition: {x: -236.95003, y: -299}
  m_SizeDelta: {x: 235.9, y: 40}
  m_Pivot: {x: 0.5, y: 0.5}
--- !u!114 &1631561125
MonoBehaviour:
  m_ObjectHideFlags: 0
  m_PrefabParentObject: {fileID: 11458810, guid: f21e76e419570ee40bbe28f9d3139291,
    type: 2}
  m_PrefabInternal: {fileID: 1697731274}
  m_GameObject: {fileID: 1631561123}
  m_Enabled: 1
  m_EditorHideFlags: 0
  m_Script: {fileID: -765806418, guid: f5f67c52d1564df4a8936ccd202a3bd8, type: 3}
  m_Name: 
  m_EditorClassIdentifier: 
  m_Material: {fileID: 0}
  m_Color: {r: 0.9411765, g: 0.8901961, b: 0.7607843, a: 1}
  m_RaycastTarget: 1
  m_OnCullStateChanged:
    m_PersistentCalls:
      m_Calls: []
    m_TypeName: UnityEngine.UI.MaskableGraphic+CullStateChangedEvent, UnityEngine.UI,
      Version=1.0.0.0, Culture=neutral, PublicKeyToken=null
  m_Sprite: {fileID: 21300000, guid: 7ed1238760b863f4aafde32ab3a6f28c, type: 3}
  m_Type: 1
  m_PreserveAspect: 0
  m_FillCenter: 1
  m_FillMethod: 4
  m_FillAmount: 1
  m_FillClockwise: 1
  m_FillOrigin: 0
--- !u!222 &1631561126
CanvasRenderer:
  m_ObjectHideFlags: 0
  m_PrefabParentObject: {fileID: 22258802, guid: f21e76e419570ee40bbe28f9d3139291,
    type: 2}
  m_PrefabInternal: {fileID: 1697731274}
  m_GameObject: {fileID: 1631561123}
--- !u!1001 &1697731274
Prefab:
  m_ObjectHideFlags: 0
  serializedVersion: 2
  m_Modification:
    m_TransformParent: {fileID: 0}
    m_Modifications:
    - target: {fileID: 22458800, guid: f21e76e419570ee40bbe28f9d3139291, type: 2}
      propertyPath: m_LocalPosition.x
      value: 0
      objectReference: {fileID: 0}
    - target: {fileID: 22458800, guid: f21e76e419570ee40bbe28f9d3139291, type: 2}
      propertyPath: m_LocalPosition.y
      value: 0
      objectReference: {fileID: 0}
    - target: {fileID: 22458800, guid: f21e76e419570ee40bbe28f9d3139291, type: 2}
      propertyPath: m_LocalPosition.z
      value: 0
      objectReference: {fileID: 0}
    - target: {fileID: 22458800, guid: f21e76e419570ee40bbe28f9d3139291, type: 2}
      propertyPath: m_LocalRotation.x
      value: 0
      objectReference: {fileID: 0}
    - target: {fileID: 22458800, guid: f21e76e419570ee40bbe28f9d3139291, type: 2}
      propertyPath: m_LocalRotation.y
      value: 0
      objectReference: {fileID: 0}
    - target: {fileID: 22458800, guid: f21e76e419570ee40bbe28f9d3139291, type: 2}
      propertyPath: m_LocalRotation.z
      value: 0
      objectReference: {fileID: 0}
    - target: {fileID: 22458800, guid: f21e76e419570ee40bbe28f9d3139291, type: 2}
      propertyPath: m_LocalRotation.w
      value: 1
      objectReference: {fileID: 0}
    - target: {fileID: 22458800, guid: f21e76e419570ee40bbe28f9d3139291, type: 2}
      propertyPath: m_RootOrder
      value: 0
      objectReference: {fileID: 0}
    - target: {fileID: 22458800, guid: f21e76e419570ee40bbe28f9d3139291, type: 2}
      propertyPath: m_AnchoredPosition.x
      value: 0
      objectReference: {fileID: 0}
    - target: {fileID: 22458800, guid: f21e76e419570ee40bbe28f9d3139291, type: 2}
      propertyPath: m_AnchoredPosition.y
      value: 0
      objectReference: {fileID: 0}
    - target: {fileID: 22458800, guid: f21e76e419570ee40bbe28f9d3139291, type: 2}
      propertyPath: m_SizeDelta.x
      value: 0
      objectReference: {fileID: 0}
    - target: {fileID: 22458800, guid: f21e76e419570ee40bbe28f9d3139291, type: 2}
      propertyPath: m_SizeDelta.y
      value: 0
      objectReference: {fileID: 0}
    - target: {fileID: 22458800, guid: f21e76e419570ee40bbe28f9d3139291, type: 2}
      propertyPath: m_AnchorMin.x
      value: 0
      objectReference: {fileID: 0}
    - target: {fileID: 22458800, guid: f21e76e419570ee40bbe28f9d3139291, type: 2}
      propertyPath: m_AnchorMin.y
      value: 0
      objectReference: {fileID: 0}
    - target: {fileID: 22458800, guid: f21e76e419570ee40bbe28f9d3139291, type: 2}
      propertyPath: m_AnchorMax.x
      value: 0
      objectReference: {fileID: 0}
    - target: {fileID: 22458800, guid: f21e76e419570ee40bbe28f9d3139291, type: 2}
      propertyPath: m_AnchorMax.y
      value: 0
      objectReference: {fileID: 0}
    - target: {fileID: 22458800, guid: f21e76e419570ee40bbe28f9d3139291, type: 2}
      propertyPath: m_Pivot.x
      value: 0
      objectReference: {fileID: 0}
    - target: {fileID: 22458800, guid: f21e76e419570ee40bbe28f9d3139291, type: 2}
      propertyPath: m_Pivot.y
      value: 0
      objectReference: {fileID: 0}
    m_RemovedComponents: []
  m_ParentPrefab: {fileID: 100100000, guid: f21e76e419570ee40bbe28f9d3139291, type: 2}
  m_RootGameObject: {fileID: 1813800349}
  m_IsPrefabParent: 0
--- !u!1 &1739904387
GameObject:
  m_ObjectHideFlags: 0
  m_PrefabParentObject: {fileID: 158802, guid: f21e76e419570ee40bbe28f9d3139291, type: 2}
  m_PrefabInternal: {fileID: 1697731274}
  serializedVersion: 5
  m_Component:
  - component: {fileID: 1739904388}
  - component: {fileID: 1739904390}
  - component: {fileID: 1739904389}
  m_Layer: 5
  m_Name: MapElements
  m_TagString: Untagged
  m_Icon: {fileID: 0}
  m_NavMeshLayer: 0
  m_StaticEditorFlags: 0
  m_IsActive: 1
--- !u!224 &1739904388
RectTransform:
  m_ObjectHideFlags: 0
  m_PrefabParentObject: {fileID: 22458802, guid: f21e76e419570ee40bbe28f9d3139291,
    type: 2}
  m_PrefabInternal: {fileID: 1697731274}
  m_GameObject: {fileID: 1739904387}
  m_LocalRotation: {x: 0, y: 0, z: 0, w: 1}
  m_LocalPosition: {x: 0, y: 0, z: 0}
  m_LocalScale: {x: 1, y: 1, z: 1}
  m_Children: []
  m_Father: {fileID: 465844983}
  m_RootOrder: 15
  m_LocalEulerAnglesHint: {x: 0, y: 0, z: 0}
  m_AnchorMin: {x: 0.5, y: 0.5}
  m_AnchorMax: {x: 0.5, y: 0.5}
  m_AnchoredPosition: {x: 285.5, y: -259}
  m_SizeDelta: {x: 167, y: 40}
  m_Pivot: {x: 0.5, y: 0.5}
--- !u!114 &1739904389
MonoBehaviour:
  m_ObjectHideFlags: 0
  m_PrefabParentObject: {fileID: 11458808, guid: f21e76e419570ee40bbe28f9d3139291,
    type: 2}
  m_PrefabInternal: {fileID: 1697731274}
  m_GameObject: {fileID: 1739904387}
  m_Enabled: 1
  m_EditorHideFlags: 0
  m_Script: {fileID: -765806418, guid: f5f67c52d1564df4a8936ccd202a3bd8, type: 3}
  m_Name: 
  m_EditorClassIdentifier: 
  m_Material: {fileID: 0}
  m_Color: {r: 0.9411765, g: 0.8901961, b: 0.7607843, a: 1}
  m_RaycastTarget: 1
  m_OnCullStateChanged:
    m_PersistentCalls:
      m_Calls: []
    m_TypeName: UnityEngine.UI.MaskableGraphic+CullStateChangedEvent, UnityEngine.UI,
      Version=1.0.0.0, Culture=neutral, PublicKeyToken=null
  m_Sprite: {fileID: 21300000, guid: 7ed1238760b863f4aafde32ab3a6f28c, type: 3}
  m_Type: 1
  m_PreserveAspect: 0
  m_FillCenter: 1
  m_FillMethod: 4
  m_FillAmount: 1
  m_FillClockwise: 1
  m_FillOrigin: 0
--- !u!222 &1739904390
CanvasRenderer:
  m_ObjectHideFlags: 0
  m_PrefabParentObject: {fileID: 22258800, guid: f21e76e419570ee40bbe28f9d3139291,
    type: 2}
  m_PrefabInternal: {fileID: 1697731274}
  m_GameObject: {fileID: 1739904387}
--- !u!1 &1813800349
GameObject:
  m_ObjectHideFlags: 0
  m_PrefabParentObject: {fileID: 158800, guid: f21e76e419570ee40bbe28f9d3139291, type: 2}
  m_PrefabInternal: {fileID: 1697731274}
  serializedVersion: 5
  m_Component:
  - component: {fileID: 1813800353}
  - component: {fileID: 1813800352}
  - component: {fileID: 1813800351}
  - component: {fileID: 1813800350}
  m_Layer: 5
  m_Name: GameExample_19
  m_TagString: Untagged
  m_Icon: {fileID: 0}
  m_NavMeshLayer: 0
  m_StaticEditorFlags: 0
  m_IsActive: 1
--- !u!114 &1813800350
MonoBehaviour:
  m_ObjectHideFlags: 0
  m_PrefabParentObject: {fileID: 11458804, guid: f21e76e419570ee40bbe28f9d3139291,
    type: 2}
  m_PrefabInternal: {fileID: 1697731274}
  m_GameObject: {fileID: 1813800349}
  m_Enabled: 1
  m_EditorHideFlags: 0
  m_Script: {fileID: 1301386320, guid: f5f67c52d1564df4a8936ccd202a3bd8, type: 3}
  m_Name: 
  m_EditorClassIdentifier: 
  m_IgnoreReversedGraphics: 1
  m_BlockingObjects: 0
  m_BlockingMask:
    serializedVersion: 2
    m_Bits: 4294967295
--- !u!114 &1813800351
MonoBehaviour:
  m_ObjectHideFlags: 0
  m_PrefabParentObject: {fileID: 11458806, guid: f21e76e419570ee40bbe28f9d3139291,
    type: 2}
  m_PrefabInternal: {fileID: 1697731274}
  m_GameObject: {fileID: 1813800349}
  m_Enabled: 1
  m_EditorHideFlags: 0
  m_Script: {fileID: 1980459831, guid: f5f67c52d1564df4a8936ccd202a3bd8, type: 3}
  m_Name: 
  m_EditorClassIdentifier: 
  m_UiScaleMode: 1
  m_ReferencePixelsPerUnit: 100
  m_ScaleFactor: 1
  m_ReferenceResolution: {x: 640, y: 1136}
  m_ScreenMatchMode: 0
  m_MatchWidthOrHeight: 1
  m_PhysicalUnit: 3
  m_FallbackScreenDPI: 96
  m_DefaultSpriteDPI: 96
  m_DynamicPixelsPerUnit: 1
--- !u!223 &1813800352
Canvas:
  m_ObjectHideFlags: 0
  m_PrefabParentObject: {fileID: 22358760, guid: f21e76e419570ee40bbe28f9d3139291,
    type: 2}
  m_PrefabInternal: {fileID: 1697731274}
  m_GameObject: {fileID: 1813800349}
  m_Enabled: 1
  serializedVersion: 3
  m_RenderMode: 0
  m_Camera: {fileID: 0}
  m_PlaneDistance: 100
  m_PixelPerfect: 1
  m_ReceivesEvents: 1
  m_OverrideSorting: 0
  m_OverridePixelPerfect: 0
  m_SortingBucketNormalizedSize: 0
  m_AdditionalShaderChannelsFlag: 25
  m_SortingLayerID: 0
  m_SortingOrder: 0
  m_TargetDisplay: 0
--- !u!224 &1813800353
RectTransform:
  m_ObjectHideFlags: 0
  m_PrefabParentObject: {fileID: 22458800, guid: f21e76e419570ee40bbe28f9d3139291,
    type: 2}
  m_PrefabInternal: {fileID: 1697731274}
  m_GameObject: {fileID: 1813800349}
  m_LocalRotation: {x: 0, y: 0, z: 0, w: 1}
  m_LocalPosition: {x: 0, y: 0, z: 0}
  m_LocalScale: {x: 0, y: 0, z: 0}
  m_Children:
  - {fileID: 1390654702}
  - {fileID: 1193096890}
  m_Father: {fileID: 0}
  m_RootOrder: 0
  m_LocalEulerAnglesHint: {x: 0, y: 0, z: 0}
  m_AnchorMin: {x: 0, y: 0}
  m_AnchorMax: {x: 0, y: 0}
  m_AnchoredPosition: {x: 0, y: 0}
  m_SizeDelta: {x: 0, y: 0}
  m_Pivot: {x: 0, y: 0}
--- !u!1 &1845499251
GameObject:
  m_ObjectHideFlags: 0
  m_PrefabParentObject: {fileID: 158792, guid: f21e76e419570ee40bbe28f9d3139291, type: 2}
  m_PrefabInternal: {fileID: 1697731274}
  serializedVersion: 5
  m_Component:
  - component: {fileID: 1845499252}
  - component: {fileID: 1845499254}
  - component: {fileID: 1845499253}
  m_Layer: 5
  m_Name: MapElements
  m_TagString: Untagged
  m_Icon: {fileID: 0}
  m_NavMeshLayer: 0
  m_StaticEditorFlags: 0
  m_IsActive: 1
--- !u!224 &1845499252
RectTransform:
  m_ObjectHideFlags: 0
  m_PrefabParentObject: {fileID: 22458792, guid: f21e76e419570ee40bbe28f9d3139291,
    type: 2}
  m_PrefabInternal: {fileID: 1697731274}
  m_GameObject: {fileID: 1845499251}
  m_LocalRotation: {x: 0, y: 0, z: 0, w: 1}
  m_LocalPosition: {x: 0, y: 0, z: 0}
  m_LocalScale: {x: 1, y: 1, z: 1}
  m_Children: []
  m_Father: {fileID: 465844983}
  m_RootOrder: 17
  m_LocalEulerAnglesHint: {x: 0, y: 0, z: 0}
  m_AnchorMin: {x: 0.5, y: 0.5}
  m_AnchorMax: {x: 0.5, y: 0.5}
  m_AnchoredPosition: {x: -288, y: 520}
  m_SizeDelta: {x: 122, y: 40}
  m_Pivot: {x: 0.5, y: 0.5}
--- !u!114 &1845499253
MonoBehaviour:
  m_ObjectHideFlags: 0
  m_PrefabParentObject: {fileID: 11458796, guid: f21e76e419570ee40bbe28f9d3139291,
    type: 2}
  m_PrefabInternal: {fileID: 1697731274}
  m_GameObject: {fileID: 1845499251}
  m_Enabled: 1
  m_EditorHideFlags: 0
  m_Script: {fileID: -765806418, guid: f5f67c52d1564df4a8936ccd202a3bd8, type: 3}
  m_Name: 
  m_EditorClassIdentifier: 
  m_Material: {fileID: 0}
  m_Color: {r: 0.9411765, g: 0.8901961, b: 0.7607843, a: 1}
  m_RaycastTarget: 1
  m_OnCullStateChanged:
    m_PersistentCalls:
      m_Calls: []
    m_TypeName: UnityEngine.UI.MaskableGraphic+CullStateChangedEvent, UnityEngine.UI,
      Version=1.0.0.0, Culture=neutral, PublicKeyToken=null
  m_Sprite: {fileID: 21300000, guid: 7ed1238760b863f4aafde32ab3a6f28c, type: 3}
  m_Type: 1
  m_PreserveAspect: 0
  m_FillCenter: 1
  m_FillMethod: 4
  m_FillAmount: 1
  m_FillClockwise: 1
  m_FillOrigin: 0
--- !u!222 &1845499254
CanvasRenderer:
  m_ObjectHideFlags: 0
  m_PrefabParentObject: {fileID: 22258792, guid: f21e76e419570ee40bbe28f9d3139291,
    type: 2}
  m_PrefabInternal: {fileID: 1697731274}
  m_GameObject: {fileID: 1845499251}
--- !u!1 &1973301499
GameObject:
  m_ObjectHideFlags: 0
  m_PrefabParentObject: {fileID: 158766, guid: f21e76e419570ee40bbe28f9d3139291, type: 2}
  m_PrefabInternal: {fileID: 1697731274}
  serializedVersion: 5
  m_Component:
  - component: {fileID: 1973301500}
  - component: {fileID: 1973301502}
  - component: {fileID: 1973301501}
  m_Layer: 5
  m_Name: MapElements
  m_TagString: Untagged
  m_Icon: {fileID: 0}
  m_NavMeshLayer: 0
  m_StaticEditorFlags: 0
  m_IsActive: 1
--- !u!224 &1973301500
RectTransform:
  m_ObjectHideFlags: 0
  m_PrefabParentObject: {fileID: 22458766, guid: f21e76e419570ee40bbe28f9d3139291,
    type: 2}
  m_PrefabInternal: {fileID: 1697731274}
  m_GameObject: {fileID: 1973301499}
  m_LocalRotation: {x: 0, y: 0, z: 0, w: 1}
  m_LocalPosition: {x: 0, y: 0, z: 0}
  m_LocalScale: {x: 1, y: 1, z: 1}
  m_Children: []
  m_Father: {fileID: 465844983}
  m_RootOrder: 14
  m_LocalEulerAnglesHint: {x: 0, y: 0, z: 0}
  m_AnchorMin: {x: 0.5, y: 0.5}
  m_AnchorMax: {x: 0.5, y: 0.5}
  m_AnchoredPosition: {x: 269, y: 405.6}
  m_SizeDelta: {x: 167, y: 40}
  m_Pivot: {x: 0.5, y: 0.5}
--- !u!114 &1973301501
MonoBehaviour:
  m_ObjectHideFlags: 0
  m_PrefabParentObject: {fileID: 11458768, guid: f21e76e419570ee40bbe28f9d3139291,
    type: 2}
  m_PrefabInternal: {fileID: 1697731274}
  m_GameObject: {fileID: 1973301499}
  m_Enabled: 1
  m_EditorHideFlags: 0
  m_Script: {fileID: -765806418, guid: f5f67c52d1564df4a8936ccd202a3bd8, type: 3}
  m_Name: 
  m_EditorClassIdentifier: 
  m_Material: {fileID: 0}
  m_Color: {r: 0.9411765, g: 0.8901961, b: 0.7607843, a: 1}
  m_RaycastTarget: 1
  m_OnCullStateChanged:
    m_PersistentCalls:
      m_Calls: []
    m_TypeName: UnityEngine.UI.MaskableGraphic+CullStateChangedEvent, UnityEngine.UI,
      Version=1.0.0.0, Culture=neutral, PublicKeyToken=null
  m_Sprite: {fileID: 21300000, guid: 7ed1238760b863f4aafde32ab3a6f28c, type: 3}
  m_Type: 1
  m_PreserveAspect: 0
  m_FillCenter: 1
  m_FillMethod: 4
  m_FillAmount: 1
  m_FillClockwise: 1
  m_FillOrigin: 0
--- !u!222 &1973301502
CanvasRenderer:
  m_ObjectHideFlags: 0
  m_PrefabParentObject: {fileID: 22258766, guid: f21e76e419570ee40bbe28f9d3139291,
    type: 2}
  m_PrefabInternal: {fileID: 1697731274}
  m_GameObject: {fileID: 1973301499}
