%YAML 1.1
%TAG !u! tag:unity3d.com,2011:
--- !u!29 &1
OcclusionCullingSettings:
  m_ObjectHideFlags: 0
  serializedVersion: 2
  m_OcclusionBakeSettings:
    smallestOccluder: 5
    smallestHole: 0.25
    backfaceThreshold: 100
  m_SceneGUID: 00000000000000000000000000000000
  m_OcclusionCullingData: {fileID: 0}
--- !u!104 &2
RenderSettings:
  m_ObjectHideFlags: 0
  serializedVersion: 9
  m_Fog: 0
  m_FogColor: {r: 0.5, g: 0.5, b: 0.5, a: 1}
  m_FogMode: 3
  m_FogDensity: 0.01
  m_LinearFogStart: 0
  m_LinearFogEnd: 300
  m_AmbientSkyColor: {r: 0.212, g: 0.227, b: 0.259, a: 1}
  m_AmbientEquatorColor: {r: 0.114, g: 0.125, b: 0.133, a: 1}
  m_AmbientGroundColor: {r: 0.047, g: 0.043, b: 0.035, a: 1}
  m_AmbientIntensity: 1
  m_AmbientMode: 0
  m_SubtractiveShadowColor: {r: 0.42, g: 0.478, b: 0.627, a: 1}
  m_SkyboxMaterial: {fileID: 10304, guid: 0000000000000000f000000000000000, type: 0}
  m_HaloStrength: 0.5
  m_FlareStrength: 1
  m_FlareFadeSpeed: 3
  m_HaloTexture: {fileID: 0}
  m_SpotCookie: {fileID: 10001, guid: 0000000000000000e000000000000000, type: 0}
  m_DefaultReflectionMode: 0
  m_DefaultReflectionResolution: 128
  m_ReflectionBounces: 1
  m_ReflectionIntensity: 1
  m_CustomReflection: {fileID: 0}
  m_Sun: {fileID: 0}
  m_IndirectSpecularColor: {r: 0, g: 0, b: 0, a: 1}
  m_UseRadianceAmbientProbe: 0
--- !u!157 &4
LightmapSettings:
  m_ObjectHideFlags: 0
  serializedVersion: 11
  m_GIWorkflowMode: 0
  m_GISettings:
    serializedVersion: 2
    m_BounceScale: 1
    m_IndirectOutputScale: 1
    m_AlbedoBoost: 1
    m_TemporalCoherenceThreshold: 1
    m_EnvironmentLightingMode: 0
    m_EnableBakedLightmaps: 1
    m_EnableRealtimeLightmaps: 1
  m_LightmapEditorSettings:
    serializedVersion: 10
    m_Resolution: 2
    m_BakeResolution: 40
    m_AtlasSize: 1024
    m_AO: 0
    m_AOMaxDistance: 1
    m_CompAOExponent: 0
    m_CompAOExponentDirect: 0
    m_Padding: 2
    m_LightmapParameters: {fileID: 0}
    m_LightmapsBakeMode: 1
    m_TextureCompression: 1
    m_FinalGather: 0
    m_FinalGatherFiltering: 1
    m_FinalGatherRayCount: 1024
    m_ReflectionCompression: 2
    m_MixedBakeMode: 1
    m_BakeBackend: 0
    m_PVRSampling: 1
    m_PVRDirectSampleCount: 32
    m_PVRSampleCount: 500
    m_PVRBounces: 2
    m_PVRFilterTypeDirect: 0
    m_PVRFilterTypeIndirect: 0
    m_PVRFilterTypeAO: 0
    m_PVRFilteringMode: 0
    m_PVRCulling: 1
    m_PVRFilteringGaussRadiusDirect: 1
    m_PVRFilteringGaussRadiusIndirect: 5
    m_PVRFilteringGaussRadiusAO: 2
    m_PVRFilteringAtrousPositionSigmaDirect: 0.5
    m_PVRFilteringAtrousPositionSigmaIndirect: 2
    m_PVRFilteringAtrousPositionSigmaAO: 1
    m_ShowResolutionOverlay: 1
  m_LightingDataAsset: {fileID: 0}
  m_UseShadowmask: 0
--- !u!196 &5
NavMeshSettings:
  serializedVersion: 2
  m_ObjectHideFlags: 0
  m_BuildSettings:
    serializedVersion: 2
    agentTypeID: 0
    agentRadius: 0.5
    agentHeight: 2
    agentSlope: 45
    agentClimb: 0.4
    ledgeDropHeight: 0
    maxJumpAcrossDistance: 0
    minRegionArea: 2
    manualCellSize: 0
    cellSize: 0.16666667
    manualTileSize: 0
    tileSize: 256
    accuratePlacement: 0
    debug:
      m_Flags: 0
  m_NavMeshData: {fileID: 0}
--- !u!1 &60307670
GameObject:
  m_ObjectHideFlags: 0
  m_PrefabParentObject: {fileID: 195120, guid: 9381c105a5f5ce64eb98c7aa64df80ff, type: 2}
  m_PrefabInternal: {fileID: 1432837037}
  serializedVersion: 5
  m_Component:
  - component: {fileID: 60307671}
  - component: {fileID: 60307674}
  - component: {fileID: 60307673}
  - component: {fileID: 60307672}
  m_Layer: 5
  m_Name: Panel
  m_TagString: Untagged
  m_Icon: {fileID: 0}
  m_NavMeshLayer: 0
  m_StaticEditorFlags: 0
  m_IsActive: 1
--- !u!224 &60307671
RectTransform:
  m_ObjectHideFlags: 0
  m_PrefabParentObject: {fileID: 22495120, guid: 9381c105a5f5ce64eb98c7aa64df80ff,
    type: 2}
  m_PrefabInternal: {fileID: 1432837037}
  m_GameObject: {fileID: 60307670}
  m_LocalRotation: {x: 0, y: 0, z: 0, w: 1}
  m_LocalPosition: {x: 0, y: 0, z: 0}
  m_LocalScale: {x: 1, y: 1, z: 1}
  m_Children:
  - {fileID: 504863440}
  - {fileID: 1350426751}
  - {fileID: 995435693}
  - {fileID: 1921901561}
  - {fileID: 1384355067}
  - {fileID: 1573306553}
  - {fileID: 1410576478}
  - {fileID: 318135042}
  - {fileID: 69303680}
  - {fileID: 1479163602}
  - {fileID: 1248959065}
  - {fileID: 1513725710}
  - {fileID: 758005557}
  - {fileID: 1974267060}
  - {fileID: 1198188117}
  - {fileID: 596286794}
  - {fileID: 1092828966}
  - {fileID: 247961213}
  - {fileID: 647512984}
  - {fileID: 1937910058}
  - {fileID: 1462960915}
  - {fileID: 910411407}
  - {fileID: 1909752678}
  - {fileID: 1396634985}
  - {fileID: 1309008519}
  - {fileID: 294308683}
  - {fileID: 1894405199}
  - {fileID: 232917143}
  - {fileID: 428395271}
  m_Father: {fileID: 1136121952}
  m_RootOrder: 1
  m_LocalEulerAnglesHint: {x: 0, y: 0, z: 0}
  m_AnchorMin: {x: 0.5, y: 0.5}
  m_AnchorMax: {x: 0.5, y: 0.5}
  m_AnchoredPosition: {x: 0, y: -0.020019531}
  m_SizeDelta: {x: 640, y: 1136}
  m_Pivot: {x: 0.5, y: 0.5}
--- !u!114 &60307672
MonoBehaviour:
  m_ObjectHideFlags: 0
  m_PrefabParentObject: {fileID: 11495118, guid: 9381c105a5f5ce64eb98c7aa64df80ff,
    type: 2}
  m_PrefabInternal: {fileID: 1432837037}
  m_GameObject: {fileID: 60307670}
  m_Enabled: 1
  m_EditorHideFlags: 0
  m_Script: {fileID: -1200242548, guid: f5f67c52d1564df4a8936ccd202a3bd8, type: 3}
  m_Name: 
  m_EditorClassIdentifier: 
  m_ShowMaskGraphic: 1
--- !u!114 &60307673
MonoBehaviour:
  m_ObjectHideFlags: 0
  m_PrefabParentObject: {fileID: 11495116, guid: 9381c105a5f5ce64eb98c7aa64df80ff,
    type: 2}
  m_PrefabInternal: {fileID: 1432837037}
  m_GameObject: {fileID: 60307670}
  m_Enabled: 1
  m_EditorHideFlags: 0
  m_Script: {fileID: -765806418, guid: f5f67c52d1564df4a8936ccd202a3bd8, type: 3}
  m_Name: 
  m_EditorClassIdentifier: 
  m_Material: {fileID: 0}
  m_Color: {r: 0.19852942, g: 0.19852942, b: 0.19852942, a: 1}
  m_RaycastTarget: 1
  m_OnCullStateChanged:
    m_PersistentCalls:
      m_Calls: []
    m_TypeName: UnityEngine.UI.MaskableGraphic+CullStateChangedEvent, UnityEngine.UI,
      Version=1.0.0.0, Culture=neutral, PublicKeyToken=null
  m_Sprite: {fileID: 21300000, guid: 7ed1238760b863f4aafde32ab3a6f28c, type: 3}
  m_Type: 1
  m_PreserveAspect: 0
  m_FillCenter: 1
  m_FillMethod: 4
  m_FillAmount: 1
  m_FillClockwise: 1
  m_FillOrigin: 0
--- !u!222 &60307674
CanvasRenderer:
  m_ObjectHideFlags: 0
  m_PrefabParentObject: {fileID: 22295122, guid: 9381c105a5f5ce64eb98c7aa64df80ff,
    type: 2}
  m_PrefabInternal: {fileID: 1432837037}
  m_GameObject: {fileID: 60307670}
--- !u!1 &69303679
GameObject:
  m_ObjectHideFlags: 0
  m_PrefabParentObject: {fileID: 195124, guid: 9381c105a5f5ce64eb98c7aa64df80ff, type: 2}
  m_PrefabInternal: {fileID: 1432837037}
  serializedVersion: 5
  m_Component:
  - component: {fileID: 69303680}
  - component: {fileID: 69303682}
  - component: {fileID: 69303681}
  m_Layer: 5
  m_Name: Dot
  m_TagString: Untagged
  m_Icon: {fileID: 0}
  m_NavMeshLayer: 0
  m_StaticEditorFlags: 0
  m_IsActive: 1
--- !u!224 &69303680
RectTransform:
  m_ObjectHideFlags: 0
  m_PrefabParentObject: {fileID: 22495124, guid: 9381c105a5f5ce64eb98c7aa64df80ff,
    type: 2}
  m_PrefabInternal: {fileID: 1432837037}
  m_GameObject: {fileID: 69303679}
  m_LocalRotation: {x: 0, y: 0, z: 0, w: 1}
  m_LocalPosition: {x: 0, y: 0, z: 0}
  m_LocalScale: {x: 1, y: 1, z: 1}
  m_Children: []
  m_Father: {fileID: 60307671}
  m_RootOrder: 8
  m_LocalEulerAnglesHint: {x: 0, y: 0, z: 0}
  m_AnchorMin: {x: 0.5, y: 0.5}
  m_AnchorMax: {x: 0.5, y: 0.5}
  m_AnchoredPosition: {x: -55, y: -80}
  m_SizeDelta: {x: 45, y: 44}
  m_Pivot: {x: 0.5, y: 0.5}
--- !u!114 &69303681
MonoBehaviour:
  m_ObjectHideFlags: 0
  m_PrefabParentObject: {fileID: 11495122, guid: 9381c105a5f5ce64eb98c7aa64df80ff,
    type: 2}
  m_PrefabInternal: {fileID: 1432837037}
  m_GameObject: {fileID: 69303679}
  m_Enabled: 1
  m_EditorHideFlags: 0
  m_Script: {fileID: -765806418, guid: f5f67c52d1564df4a8936ccd202a3bd8, type: 3}
  m_Name: 
  m_EditorClassIdentifier: 
  m_Material: {fileID: 0}
  m_Color: {r: 0.39215687, g: 0.2784314, b: 0.28627452, a: 1}
  m_RaycastTarget: 1
  m_OnCullStateChanged:
    m_PersistentCalls:
      m_Calls: []
    m_TypeName: UnityEngine.UI.MaskableGraphic+CullStateChangedEvent, UnityEngine.UI,
      Version=1.0.0.0, Culture=neutral, PublicKeyToken=null
  m_Sprite: {fileID: 21300000, guid: f04f7faa5cfd8444a9b61e426135725f, type: 3}
  m_Type: 0
  m_PreserveAspect: 0
  m_FillCenter: 1
  m_FillMethod: 4
  m_FillAmount: 1
  m_FillClockwise: 1
  m_FillOrigin: 0
--- !u!222 &69303682
CanvasRenderer:
  m_ObjectHideFlags: 0
  m_PrefabParentObject: {fileID: 22295126, guid: 9381c105a5f5ce64eb98c7aa64df80ff,
    type: 2}
  m_PrefabInternal: {fileID: 1432837037}
  m_GameObject: {fileID: 69303679}
--- !u!1 &232917142
GameObject:
  m_ObjectHideFlags: 0
  m_PrefabParentObject: {fileID: 195152, guid: 9381c105a5f5ce64eb98c7aa64df80ff, type: 2}
  m_PrefabInternal: {fileID: 1432837037}
  serializedVersion: 5
  m_Component:
  - component: {fileID: 232917143}
  - component: {fileID: 232917145}
  - component: {fileID: 232917144}
  m_Layer: 5
  m_Name: Dot
  m_TagString: Untagged
  m_Icon: {fileID: 0}
  m_NavMeshLayer: 0
  m_StaticEditorFlags: 0
  m_IsActive: 1
--- !u!224 &232917143
RectTransform:
  m_ObjectHideFlags: 0
  m_PrefabParentObject: {fileID: 22495152, guid: 9381c105a5f5ce64eb98c7aa64df80ff,
    type: 2}
  m_PrefabInternal: {fileID: 1432837037}
  m_GameObject: {fileID: 232917142}
  m_LocalRotation: {x: 0, y: 0, z: 0, w: 1}
  m_LocalPosition: {x: 0, y: 0, z: 0}
  m_LocalScale: {x: 1, y: 1, z: 1}
  m_Children: []
  m_Father: {fileID: 60307671}
  m_RootOrder: 27
  m_LocalEulerAnglesHint: {x: 0, y: 0, z: 0}
  m_AnchorMin: {x: 0.5, y: 0.5}
  m_AnchorMax: {x: 0.5, y: 0.5}
  m_AnchoredPosition: {x: 201, y: 300}
  m_SizeDelta: {x: 45, y: 44}
  m_Pivot: {x: 0.5, y: 0.5}
--- !u!114 &232917144
MonoBehaviour:
  m_ObjectHideFlags: 0
  m_PrefabParentObject: {fileID: 11495150, guid: 9381c105a5f5ce64eb98c7aa64df80ff,
    type: 2}
  m_PrefabInternal: {fileID: 1432837037}
  m_GameObject: {fileID: 232917142}
  m_Enabled: 1
  m_EditorHideFlags: 0
  m_Script: {fileID: -765806418, guid: f5f67c52d1564df4a8936ccd202a3bd8, type: 3}
  m_Name: 
  m_EditorClassIdentifier: 
  m_Material: {fileID: 0}
  m_Color: {r: 0.6862745, g: 0.62352943, b: 0.6, a: 1}
  m_RaycastTarget: 1
  m_OnCullStateChanged:
    m_PersistentCalls:
      m_Calls: []
    m_TypeName: UnityEngine.UI.MaskableGraphic+CullStateChangedEvent, UnityEngine.UI,
      Version=1.0.0.0, Culture=neutral, PublicKeyToken=null
  m_Sprite: {fileID: 21300000, guid: f04f7faa5cfd8444a9b61e426135725f, type: 3}
  m_Type: 0
  m_PreserveAspect: 0
  m_FillCenter: 1
  m_FillMethod: 4
  m_FillAmount: 1
  m_FillClockwise: 1
  m_FillOrigin: 0
--- !u!222 &232917145
CanvasRenderer:
  m_ObjectHideFlags: 0
  m_PrefabParentObject: {fileID: 22295154, guid: 9381c105a5f5ce64eb98c7aa64df80ff,
    type: 2}
  m_PrefabInternal: {fileID: 1432837037}
  m_GameObject: {fileID: 232917142}
--- !u!1 &247961212
GameObject:
  m_ObjectHideFlags: 0
  m_PrefabParentObject: {fileID: 195118, guid: 9381c105a5f5ce64eb98c7aa64df80ff, type: 2}
  m_PrefabInternal: {fileID: 1432837037}
  serializedVersion: 5
  m_Component:
  - component: {fileID: 247961213}
  - component: {fileID: 247961215}
  - component: {fileID: 247961214}
  m_Layer: 5
  m_Name: Dot
  m_TagString: Untagged
  m_Icon: {fileID: 0}
  m_NavMeshLayer: 0
  m_StaticEditorFlags: 0
  m_IsActive: 1
--- !u!224 &247961213
RectTransform:
  m_ObjectHideFlags: 0
  m_PrefabParentObject: {fileID: 22495118, guid: 9381c105a5f5ce64eb98c7aa64df80ff,
    type: 2}
  m_PrefabInternal: {fileID: 1432837037}
  m_GameObject: {fileID: 247961212}
  m_LocalRotation: {x: 0, y: 0, z: 0, w: 1}
  m_LocalPosition: {x: 0, y: 0, z: 0}
  m_LocalScale: {x: 1, y: 1, z: 1}
  m_Children: []
  m_Father: {fileID: 60307671}
  m_RootOrder: 17
  m_LocalEulerAnglesHint: {x: 0, y: 0, z: 0}
  m_AnchorMin: {x: 0.5, y: 0.5}
  m_AnchorMax: {x: 0.5, y: 0.5}
  m_AnchoredPosition: {x: 201, y: 48}
  m_SizeDelta: {x: 45, y: 44}
  m_Pivot: {x: 0.5, y: 0.5}
--- !u!114 &247961214
MonoBehaviour:
  m_ObjectHideFlags: 0
  m_PrefabParentObject: {fileID: 11495114, guid: 9381c105a5f5ce64eb98c7aa64df80ff,
    type: 2}
  m_PrefabInternal: {fileID: 1432837037}
  m_GameObject: {fileID: 247961212}
  m_Enabled: 1
  m_EditorHideFlags: 0
  m_Script: {fileID: -765806418, guid: f5f67c52d1564df4a8936ccd202a3bd8, type: 3}
  m_Name: 
  m_EditorClassIdentifier: 
  m_Material: {fileID: 0}
  m_Color: {r: 0.88235295, g: 0.7254902, b: 0.5254902, a: 1}
  m_RaycastTarget: 1
  m_OnCullStateChanged:
    m_PersistentCalls:
      m_Calls: []
    m_TypeName: UnityEngine.UI.MaskableGraphic+CullStateChangedEvent, UnityEngine.UI,
      Version=1.0.0.0, Culture=neutral, PublicKeyToken=null
  m_Sprite: {fileID: 21300000, guid: f04f7faa5cfd8444a9b61e426135725f, type: 3}
  m_Type: 0
  m_PreserveAspect: 0
  m_FillCenter: 1
  m_FillMethod: 4
  m_FillAmount: 1
  m_FillClockwise: 1
  m_FillOrigin: 0
--- !u!222 &247961215
CanvasRenderer:
  m_ObjectHideFlags: 0
  m_PrefabParentObject: {fileID: 22295120, guid: 9381c105a5f5ce64eb98c7aa64df80ff,
    type: 2}
  m_PrefabInternal: {fileID: 1432837037}
  m_GameObject: {fileID: 247961212}
--- !u!1 &293215309
GameObject:
  m_ObjectHideFlags: 0
  m_PrefabParentObject: {fileID: 195114, guid: 9381c105a5f5ce64eb98c7aa64df80ff, type: 2}
  m_PrefabInternal: {fileID: 1432837037}
  serializedVersion: 5
  m_Component:
  - component: {fileID: 293215310}
  - component: {fileID: 293215312}
  - component: {fileID: 293215311}
  m_Layer: 5
  m_Name: AppTitle
  m_TagString: Untagged
  m_Icon: {fileID: 0}
  m_NavMeshLayer: 0
  m_StaticEditorFlags: 0
  m_IsActive: 1
--- !u!224 &293215310
RectTransform:
  m_ObjectHideFlags: 0
  m_PrefabParentObject: {fileID: 22495114, guid: 9381c105a5f5ce64eb98c7aa64df80ff,
    type: 2}
  m_PrefabInternal: {fileID: 1432837037}
  m_GameObject: {fileID: 293215309}
  m_LocalRotation: {x: 0, y: 0, z: 0, w: 1}
  m_LocalPosition: {x: 0, y: 0, z: 0}
  m_LocalScale: {x: 1, y: 1, z: 1}
  m_Children: []
  m_Father: {fileID: 775647245}
  m_RootOrder: 0
  m_LocalEulerAnglesHint: {x: 0, y: 0, z: 0}
  m_AnchorMin: {x: 0.5, y: 0.5}
  m_AnchorMax: {x: 0.5, y: 0.5}
  m_AnchoredPosition: {x: 295, y: -68}
  m_SizeDelta: {x: 695, y: 109}
  m_Pivot: {x: 0.5, y: 0.5}
--- !u!114 &293215311
MonoBehaviour:
  m_ObjectHideFlags: 0
  m_PrefabParentObject: {fileID: 11495110, guid: 9381c105a5f5ce64eb98c7aa64df80ff,
    type: 2}
  m_PrefabInternal: {fileID: 1432837037}
  m_GameObject: {fileID: 293215309}
  m_Enabled: 1
  m_EditorHideFlags: 0
  m_Script: {fileID: 708705254, guid: f5f67c52d1564df4a8936ccd202a3bd8, type: 3}
  m_Name: 
  m_EditorClassIdentifier: 
  m_Material: {fileID: 0}
  m_Color: {r: 0.85490197, g: 0.85490197, b: 0.85490197, a: 1}
  m_RaycastTarget: 1
  m_OnCullStateChanged:
    m_PersistentCalls:
      m_Calls: []
    m_TypeName: UnityEngine.UI.MaskableGraphic+CullStateChangedEvent, UnityEngine.UI,
      Version=1.0.0.0, Culture=neutral, PublicKeyToken=null
  m_FontData:
    m_Font: {fileID: 12800000, guid: 218956a5c2a6e42d6a60afccf80b002b, type: 3}
    m_FontSize: 40
    m_FontStyle: 0
    m_BestFit: 0
    m_MinSize: 10
    m_MaxSize: 40
    m_Alignment: 0
    m_AlignByGeometry: 0
    m_RichText: 1
    m_HorizontalOverflow: 0
    m_VerticalOverflow: 1
    m_LineSpacing: 1
  m_Text: EXAMPLE
--- !u!222 &293215312
CanvasRenderer:
  m_ObjectHideFlags: 0
  m_PrefabParentObject: {fileID: 22295116, guid: 9381c105a5f5ce64eb98c7aa64df80ff,
    type: 2}
  m_PrefabInternal: {fileID: 1432837037}
  m_GameObject: {fileID: 293215309}
--- !u!1 &294308682
GameObject:
  m_ObjectHideFlags: 0
  m_PrefabParentObject: {fileID: 195138, guid: 9381c105a5f5ce64eb98c7aa64df80ff, type: 2}
  m_PrefabInternal: {fileID: 1432837037}
  serializedVersion: 5
  m_Component:
  - component: {fileID: 294308683}
  - component: {fileID: 294308685}
  - component: {fileID: 294308684}
  m_Layer: 5
  m_Name: Dot
  m_TagString: Untagged
  m_Icon: {fileID: 0}
  m_NavMeshLayer: 0
  m_StaticEditorFlags: 0
  m_IsActive: 1
--- !u!224 &294308683
RectTransform:
  m_ObjectHideFlags: 0
  m_PrefabParentObject: {fileID: 22495138, guid: 9381c105a5f5ce64eb98c7aa64df80ff,
    type: 2}
  m_PrefabInternal: {fileID: 1432837037}
  m_GameObject: {fileID: 294308682}
  m_LocalRotation: {x: 0, y: 0, z: 0, w: 1}
  m_LocalPosition: {x: 0, y: 0, z: 0}
  m_LocalScale: {x: 1, y: 1, z: 1}
  m_Children: []
  m_Father: {fileID: 60307671}
  m_RootOrder: 25
  m_LocalEulerAnglesHint: {x: 0, y: 0, z: 0}
  m_AnchorMin: {x: 0.5, y: 0.5}
  m_AnchorMax: {x: 0.5, y: 0.5}
  m_AnchoredPosition: {x: -183, y: 300}
  m_SizeDelta: {x: 45, y: 44}
  m_Pivot: {x: 0.5, y: 0.5}
--- !u!114 &294308684
MonoBehaviour:
  m_ObjectHideFlags: 0
  m_PrefabParentObject: {fileID: 11495136, guid: 9381c105a5f5ce64eb98c7aa64df80ff,
    type: 2}
  m_PrefabInternal: {fileID: 1432837037}
  m_GameObject: {fileID: 294308682}
  m_Enabled: 1
  m_EditorHideFlags: 0
  m_Script: {fileID: -765806418, guid: f5f67c52d1564df4a8936ccd202a3bd8, type: 3}
  m_Name: 
  m_EditorClassIdentifier: 
  m_Material: {fileID: 0}
  m_Color: {r: 0.6862745, g: 0.62352943, b: 0.6, a: 1}
  m_RaycastTarget: 1
  m_OnCullStateChanged:
    m_PersistentCalls:
      m_Calls: []
    m_TypeName: UnityEngine.UI.MaskableGraphic+CullStateChangedEvent, UnityEngine.UI,
      Version=1.0.0.0, Culture=neutral, PublicKeyToken=null
  m_Sprite: {fileID: 21300000, guid: f04f7faa5cfd8444a9b61e426135725f, type: 3}
  m_Type: 0
  m_PreserveAspect: 0
  m_FillCenter: 1
  m_FillMethod: 4
  m_FillAmount: 1
  m_FillClockwise: 1
  m_FillOrigin: 0
--- !u!222 &294308685
CanvasRenderer:
  m_ObjectHideFlags: 0
  m_PrefabParentObject: {fileID: 22295140, guid: 9381c105a5f5ce64eb98c7aa64df80ff,
    type: 2}
  m_PrefabInternal: {fileID: 1432837037}
  m_GameObject: {fileID: 294308682}
--- !u!1 &318135041
GameObject:
  m_ObjectHideFlags: 0
  m_PrefabParentObject: {fileID: 195130, guid: 9381c105a5f5ce64eb98c7aa64df80ff, type: 2}
  m_PrefabInternal: {fileID: 1432837037}
  serializedVersion: 5
  m_Component:
  - component: {fileID: 318135042}
  - component: {fileID: 318135044}
  - component: {fileID: 318135043}
  m_Layer: 5
  m_Name: Line
  m_TagString: Untagged
  m_Icon: {fileID: 0}
  m_NavMeshLayer: 0
  m_StaticEditorFlags: 0
  m_IsActive: 1
--- !u!224 &318135042
RectTransform:
  m_ObjectHideFlags: 0
  m_PrefabParentObject: {fileID: 22495130, guid: 9381c105a5f5ce64eb98c7aa64df80ff,
    type: 2}
  m_PrefabInternal: {fileID: 1432837037}
  m_GameObject: {fileID: 318135041}
  m_LocalRotation: {x: 0, y: 0, z: 0, w: 1}
  m_LocalPosition: {x: 0, y: 0, z: 0}
  m_LocalScale: {x: 1, y: 1, z: 1}
  m_Children: []
  m_Father: {fileID: 60307671}
  m_RootOrder: 7
  m_LocalEulerAnglesHint: {x: 0, y: 0, z: 0}
  m_AnchorMin: {x: 0.5, y: 0.5}
  m_AnchorMax: {x: 0.5, y: 0.5}
  m_AnchoredPosition: {x: 6, y: -80}
  m_SizeDelta: {x: 124, y: 10}
  m_Pivot: {x: 0.5, y: 0.5}
--- !u!114 &318135043
MonoBehaviour:
  m_ObjectHideFlags: 0
  m_PrefabParentObject: {fileID: 11495128, guid: 9381c105a5f5ce64eb98c7aa64df80ff,
    type: 2}
  m_PrefabInternal: {fileID: 1432837037}
  m_GameObject: {fileID: 318135041}
  m_Enabled: 1
  m_EditorHideFlags: 0
  m_Script: {fileID: -765806418, guid: f5f67c52d1564df4a8936ccd202a3bd8, type: 3}
  m_Name: 
  m_EditorClassIdentifier: 
  m_Material: {fileID: 0}
  m_Color: {r: 0.6862745, g: 0.62352943, b: 0.6, a: 1}
  m_RaycastTarget: 1
  m_OnCullStateChanged:
    m_PersistentCalls:
      m_Calls: []
    m_TypeName: UnityEngine.UI.MaskableGraphic+CullStateChangedEvent, UnityEngine.UI,
      Version=1.0.0.0, Culture=neutral, PublicKeyToken=null
  m_Sprite: {fileID: 21300000, guid: 7ed1238760b863f4aafde32ab3a6f28c, type: 3}
  m_Type: 1
  m_PreserveAspect: 0
  m_FillCenter: 1
  m_FillMethod: 4
  m_FillAmount: 1
  m_FillClockwise: 1
  m_FillOrigin: 0
--- !u!222 &318135044
CanvasRenderer:
  m_ObjectHideFlags: 0
  m_PrefabParentObject: {fileID: 22295132, guid: 9381c105a5f5ce64eb98c7aa64df80ff,
    type: 2}
  m_PrefabInternal: {fileID: 1432837037}
  m_GameObject: {fileID: 318135041}
--- !u!1 &428395270
GameObject:
  m_ObjectHideFlags: 0
  m_PrefabParentObject: {fileID: 195162, guid: 9381c105a5f5ce64eb98c7aa64df80ff, type: 2}
  m_PrefabInternal: {fileID: 1432837037}
  serializedVersion: 5
  m_Component:
  - component: {fileID: 428395271}
  - component: {fileID: 428395273}
  - component: {fileID: 428395272}
  m_Layer: 5
  m_Name: InfoText
  m_TagString: Untagged
  m_Icon: {fileID: 0}
  m_NavMeshLayer: 0
  m_StaticEditorFlags: 0
  m_IsActive: 1
--- !u!224 &428395271
RectTransform:
  m_ObjectHideFlags: 0
  m_PrefabParentObject: {fileID: 22495162, guid: 9381c105a5f5ce64eb98c7aa64df80ff,
    type: 2}
  m_PrefabInternal: {fileID: 1432837037}
  m_GameObject: {fileID: 428395270}
  m_LocalRotation: {x: 0, y: 0, z: 0, w: 1}
  m_LocalPosition: {x: 0, y: 0, z: 0}
  m_LocalScale: {x: 1, y: 1, z: 1}
  m_Children:
  - {fileID: 1874970650}
  m_Father: {fileID: 60307671}
  m_RootOrder: 28
  m_LocalEulerAnglesHint: {x: 0, y: 0, z: 0}
  m_AnchorMin: {x: 0.5, y: 0.5}
  m_AnchorMax: {x: 0.5, y: 0.5}
  m_AnchoredPosition: {x: 0, y: -348}
  m_SizeDelta: {x: 284, y: 124}
  m_Pivot: {x: 0.5, y: 0.5}
--- !u!114 &428395272
MonoBehaviour:
  m_ObjectHideFlags: 0
  m_PrefabParentObject: {fileID: 11495160, guid: 9381c105a5f5ce64eb98c7aa64df80ff,
    type: 2}
  m_PrefabInternal: {fileID: 1432837037}
  m_GameObject: {fileID: 428395270}
  m_Enabled: 1
  m_EditorHideFlags: 0
  m_Script: {fileID: 708705254, guid: f5f67c52d1564df4a8936ccd202a3bd8, type: 3}
  m_Name: 
  m_EditorClassIdentifier: 
  m_Material: {fileID: 0}
  m_Color: {r: 0.8784314, g: 0.72156864, b: 0.52156866, a: 1}
  m_RaycastTarget: 1
  m_OnCullStateChanged:
    m_PersistentCalls:
      m_Calls: []
    m_TypeName: UnityEngine.UI.MaskableGraphic+CullStateChangedEvent, UnityEngine.UI,
      Version=1.0.0.0, Culture=neutral, PublicKeyToken=null
  m_FontData:
    m_Font: {fileID: 12800000, guid: 7dfc2e1472ac84e1bb749a8a9f934483, type: 3}
    m_FontSize: 80
    m_FontStyle: 0
    m_BestFit: 0
    m_MinSize: 10
    m_MaxSize: 80
    m_Alignment: 4
    m_AlignByGeometry: 0
    m_RichText: 1
    m_HorizontalOverflow: 0
    m_VerticalOverflow: 0
    m_LineSpacing: 1
  m_Text: 145
--- !u!222 &428395273
CanvasRenderer:
  m_ObjectHideFlags: 0
  m_PrefabParentObject: {fileID: 22295164, guid: 9381c105a5f5ce64eb98c7aa64df80ff,
    type: 2}
  m_PrefabInternal: {fileID: 1432837037}
  m_GameObject: {fileID: 428395270}
--- !u!1 &504863439
GameObject:
  m_ObjectHideFlags: 0
  m_PrefabParentObject: {fileID: 195128, guid: 9381c105a5f5ce64eb98c7aa64df80ff, type: 2}
  m_PrefabInternal: {fileID: 1432837037}
  serializedVersion: 5
  m_Component:
  - component: {fileID: 504863440}
  - component: {fileID: 504863442}
  - component: {fileID: 504863441}
  m_Layer: 5
  m_Name: TopBar
  m_TagString: Untagged
  m_Icon: {fileID: 0}
  m_NavMeshLayer: 0
  m_StaticEditorFlags: 0
  m_IsActive: 1
--- !u!224 &504863440
RectTransform:
  m_ObjectHideFlags: 0
  m_PrefabParentObject: {fileID: 22495128, guid: 9381c105a5f5ce64eb98c7aa64df80ff,
    type: 2}
  m_PrefabInternal: {fileID: 1432837037}
  m_GameObject: {fileID: 504863439}
  m_LocalRotation: {x: 0, y: 0, z: 0, w: 1}
  m_LocalPosition: {x: 0, y: 0, z: 0}
  m_LocalScale: {x: 0.4, y: 0.4, z: 1}
  m_Children: []
  m_Father: {fileID: 60307671}
  m_RootOrder: 0
  m_LocalEulerAnglesHint: {x: 0, y: 0, z: 0}
  m_AnchorMin: {x: 0.5, y: 0.5}
  m_AnchorMax: {x: 0.5, y: 0.5}
  m_AnchoredPosition: {x: 0, y: 435}
  m_SizeDelta: {x: 1117.5, y: 100}
  m_Pivot: {x: 0.5, y: 0.5}
--- !u!114 &504863441
MonoBehaviour:
  m_ObjectHideFlags: 0
  m_PrefabParentObject: {fileID: 11495126, guid: 9381c105a5f5ce64eb98c7aa64df80ff,
    type: 2}
  m_PrefabInternal: {fileID: 1432837037}
  m_GameObject: {fileID: 504863439}
  m_Enabled: 1
  m_EditorHideFlags: 0
  m_Script: {fileID: -765806418, guid: f5f67c52d1564df4a8936ccd202a3bd8, type: 3}
  m_Name: 
  m_EditorClassIdentifier: 
  m_Material: {fileID: 0}
  m_Color: {r: 0.68235296, g: 0.61960787, b: 0.59607846, a: 1}
  m_RaycastTarget: 1
  m_OnCullStateChanged:
    m_PersistentCalls:
      m_Calls: []
    m_TypeName: UnityEngine.UI.MaskableGraphic+CullStateChangedEvent, UnityEngine.UI,
      Version=1.0.0.0, Culture=neutral, PublicKeyToken=null
  m_Sprite: {fileID: 21300000, guid: d933e3d481575ca4b8c63bf881596b5f, type: 3}
  m_Type: 1
  m_PreserveAspect: 0
  m_FillCenter: 1
  m_FillMethod: 4
  m_FillAmount: 1
  m_FillClockwise: 1
  m_FillOrigin: 0
--- !u!222 &504863442
CanvasRenderer:
  m_ObjectHideFlags: 0
  m_PrefabParentObject: {fileID: 22295130, guid: 9381c105a5f5ce64eb98c7aa64df80ff,
    type: 2}
  m_PrefabInternal: {fileID: 1432837037}
  m_GameObject: {fileID: 504863439}
--- !u!1 &596286793
GameObject:
  m_ObjectHideFlags: 0
  m_PrefabParentObject: {fileID: 195158, guid: 9381c105a5f5ce64eb98c7aa64df80ff, type: 2}
  m_PrefabInternal: {fileID: 1432837037}
  serializedVersion: 5
  m_Component:
  - component: {fileID: 596286794}
  - component: {fileID: 596286796}
  - component: {fileID: 596286795}
  m_Layer: 5
  m_Name: Dot
  m_TagString: Untagged
  m_Icon: {fileID: 0}
  m_NavMeshLayer: 0
  m_StaticEditorFlags: 0
  m_IsActive: 1
--- !u!224 &596286794
RectTransform:
  m_ObjectHideFlags: 0
  m_PrefabParentObject: {fileID: 22495158, guid: 9381c105a5f5ce64eb98c7aa64df80ff,
    type: 2}
  m_PrefabInternal: {fileID: 1432837037}
  m_GameObject: {fileID: 596286793}
  m_LocalRotation: {x: 0, y: 0, z: 0, w: 1}
  m_LocalPosition: {x: 0, y: 0, z: 0}
  m_LocalScale: {x: 1, y: 1, z: 1}
  m_Children: []
  m_Father: {fileID: 60307671}
  m_RootOrder: 15
  m_LocalEulerAnglesHint: {x: 0, y: 0, z: 0}
  m_AnchorMin: {x: 0.5, y: 0.5}
  m_AnchorMax: {x: 0.5, y: 0.5}
  m_AnchoredPosition: {x: -55, y: 176}
  m_SizeDelta: {x: 45, y: 44}
  m_Pivot: {x: 0.5, y: 0.5}
--- !u!114 &596286795
MonoBehaviour:
  m_ObjectHideFlags: 0
  m_PrefabParentObject: {fileID: 11495156, guid: 9381c105a5f5ce64eb98c7aa64df80ff,
    type: 2}
  m_PrefabInternal: {fileID: 1432837037}
  m_GameObject: {fileID: 596286793}
  m_Enabled: 1
  m_EditorHideFlags: 0
  m_Script: {fileID: -765806418, guid: f5f67c52d1564df4a8936ccd202a3bd8, type: 3}
  m_Name: 
  m_EditorClassIdentifier: 
  m_Material: {fileID: 0}
  m_Color: {r: 0.39215687, g: 0.2784314, b: 0.28627452, a: 1}
  m_RaycastTarget: 1
  m_OnCullStateChanged:
    m_PersistentCalls:
      m_Calls: []
    m_TypeName: UnityEngine.UI.MaskableGraphic+CullStateChangedEvent, UnityEngine.UI,
      Version=1.0.0.0, Culture=neutral, PublicKeyToken=null
  m_Sprite: {fileID: 21300000, guid: f04f7faa5cfd8444a9b61e426135725f, type: 3}
  m_Type: 0
  m_PreserveAspect: 0
  m_FillCenter: 1
  m_FillMethod: 4
  m_FillAmount: 1
  m_FillClockwise: 1
  m_FillOrigin: 0
--- !u!222 &596286796
CanvasRenderer:
  m_ObjectHideFlags: 0
  m_PrefabParentObject: {fileID: 22295160, guid: 9381c105a5f5ce64eb98c7aa64df80ff,
    type: 2}
  m_PrefabInternal: {fileID: 1432837037}
  m_GameObject: {fileID: 596286793}
--- !u!1 &647512983
GameObject:
  m_ObjectHideFlags: 0
  m_PrefabParentObject: {fileID: 195156, guid: 9381c105a5f5ce64eb98c7aa64df80ff, type: 2}
  m_PrefabInternal: {fileID: 1432837037}
  serializedVersion: 5
  m_Component:
  - component: {fileID: 647512984}
  - component: {fileID: 647512986}
  - component: {fileID: 647512985}
  m_Layer: 5
  m_Name: Dot
  m_TagString: Untagged
  m_Icon: {fileID: 0}
  m_NavMeshLayer: 0
  m_StaticEditorFlags: 0
  m_IsActive: 1
--- !u!224 &647512984
RectTransform:
  m_ObjectHideFlags: 0
  m_PrefabParentObject: {fileID: 22495156, guid: 9381c105a5f5ce64eb98c7aa64df80ff,
    type: 2}
  m_PrefabInternal: {fileID: 1432837037}
  m_GameObject: {fileID: 647512983}
  m_LocalRotation: {x: 0, y: 0, z: 0, w: 1}
  m_LocalPosition: {x: 0, y: 0, z: 0}
  m_LocalScale: {x: 1, y: 1, z: 1}
  m_Children: []
  m_Father: {fileID: 60307671}
  m_RootOrder: 18
  m_LocalEulerAnglesHint: {x: 0, y: 0, z: 0}
  m_AnchorMin: {x: 0.5, y: 0.5}
  m_AnchorMax: {x: 0.5, y: 0.5}
  m_AnchoredPosition: {x: 201, y: 176}
  m_SizeDelta: {x: 45, y: 44}
  m_Pivot: {x: 0.5, y: 0.5}
--- !u!114 &647512985
MonoBehaviour:
  m_ObjectHideFlags: 0
  m_PrefabParentObject: {fileID: 11495154, guid: 9381c105a5f5ce64eb98c7aa64df80ff,
    type: 2}
  m_PrefabInternal: {fileID: 1432837037}
  m_GameObject: {fileID: 647512983}
  m_Enabled: 1
  m_EditorHideFlags: 0
  m_Script: {fileID: -765806418, guid: f5f67c52d1564df4a8936ccd202a3bd8, type: 3}
  m_Name: 
  m_EditorClassIdentifier: 
  m_Material: {fileID: 0}
  m_Color: {r: 0.88235295, g: 0.7254902, b: 0.5254902, a: 1}
  m_RaycastTarget: 1
  m_OnCullStateChanged:
    m_PersistentCalls:
      m_Calls: []
    m_TypeName: UnityEngine.UI.MaskableGraphic+CullStateChangedEvent, UnityEngine.UI,
      Version=1.0.0.0, Culture=neutral, PublicKeyToken=null
  m_Sprite: {fileID: 21300000, guid: f04f7faa5cfd8444a9b61e426135725f, type: 3}
  m_Type: 0
  m_PreserveAspect: 0
  m_FillCenter: 1
  m_FillMethod: 4
  m_FillAmount: 1
  m_FillClockwise: 1
  m_FillOrigin: 0
--- !u!222 &647512986
CanvasRenderer:
  m_ObjectHideFlags: 0
  m_PrefabParentObject: {fileID: 22295158, guid: 9381c105a5f5ce64eb98c7aa64df80ff,
    type: 2}
  m_PrefabInternal: {fileID: 1432837037}
  m_GameObject: {fileID: 647512983}
--- !u!1 &758005556
GameObject:
  m_ObjectHideFlags: 0
  m_PrefabParentObject: {fileID: 195154, guid: 9381c105a5f5ce64eb98c7aa64df80ff, type: 2}
  m_PrefabInternal: {fileID: 1432837037}
  serializedVersion: 5
  m_Component:
  - component: {fileID: 758005557}
  - component: {fileID: 758005559}
  - component: {fileID: 758005558}
  m_Layer: 5
  m_Name: Dot
  m_TagString: Untagged
  m_Icon: {fileID: 0}
  m_NavMeshLayer: 0
  m_StaticEditorFlags: 0
  m_IsActive: 1
--- !u!224 &758005557
RectTransform:
  m_ObjectHideFlags: 0
  m_PrefabParentObject: {fileID: 22495154, guid: 9381c105a5f5ce64eb98c7aa64df80ff,
    type: 2}
  m_PrefabInternal: {fileID: 1432837037}
  m_GameObject: {fileID: 758005556}
  m_LocalRotation: {x: 0, y: 0, z: 0, w: 1}
  m_LocalPosition: {x: 0, y: 0, z: 0}
  m_LocalScale: {x: 1, y: 1, z: 1}
  m_Children: []
  m_Father: {fileID: 60307671}
  m_RootOrder: 12
  m_LocalEulerAnglesHint: {x: 0, y: 0, z: 0}
  m_AnchorMin: {x: 0.5, y: 0.5}
  m_AnchorMax: {x: 0.5, y: 0.5}
  m_AnchoredPosition: {x: -55, y: -208}
  m_SizeDelta: {x: 45, y: 44}
  m_Pivot: {x: 0.5, y: 0.5}
--- !u!114 &758005558
MonoBehaviour:
  m_ObjectHideFlags: 0
  m_PrefabParentObject: {fileID: 11495152, guid: 9381c105a5f5ce64eb98c7aa64df80ff,
    type: 2}
  m_PrefabInternal: {fileID: 1432837037}
  m_GameObject: {fileID: 758005556}
  m_Enabled: 1
  m_EditorHideFlags: 0
  m_Script: {fileID: -765806418, guid: f5f67c52d1564df4a8936ccd202a3bd8, type: 3}
  m_Name: 
  m_EditorClassIdentifier: 
  m_Material: {fileID: 0}
  m_Color: {r: 0.6862745, g: 0.4117647, b: 0.3529412, a: 1}
  m_RaycastTarget: 1
  m_OnCullStateChanged:
    m_PersistentCalls:
      m_Calls: []
    m_TypeName: UnityEngine.UI.MaskableGraphic+CullStateChangedEvent, UnityEngine.UI,
      Version=1.0.0.0, Culture=neutral, PublicKeyToken=null
  m_Sprite: {fileID: 21300000, guid: f04f7faa5cfd8444a9b61e426135725f, type: 3}
  m_Type: 0
  m_PreserveAspect: 0
  m_FillCenter: 1
  m_FillMethod: 4
  m_FillAmount: 1
  m_FillClockwise: 1
  m_FillOrigin: 0
--- !u!222 &758005559
CanvasRenderer:
  m_ObjectHideFlags: 0
  m_PrefabParentObject: {fileID: 22295156, guid: 9381c105a5f5ce64eb98c7aa64df80ff,
    type: 2}
  m_PrefabInternal: {fileID: 1432837037}
  m_GameObject: {fileID: 758005556}
--- !u!1 &775647244
GameObject:
  m_ObjectHideFlags: 0
  m_PrefabParentObject: {fileID: 195146, guid: 9381c105a5f5ce64eb98c7aa64df80ff, type: 2}
  m_PrefabInternal: {fileID: 1432837037}
  serializedVersion: 5
  m_Component:
  - component: {fileID: 775647245}
  - component: {fileID: 775647247}
  - component: {fileID: 775647246}
  m_Layer: 5
  m_Name: AppTitle
  m_TagString: Untagged
  m_Icon: {fileID: 0}
  m_NavMeshLayer: 0
  m_StaticEditorFlags: 0
  m_IsActive: 1
--- !u!224 &775647245
RectTransform:
  m_ObjectHideFlags: 0
  m_PrefabParentObject: {fileID: 22495146, guid: 9381c105a5f5ce64eb98c7aa64df80ff,
    type: 2}
  m_PrefabInternal: {fileID: 1432837037}
  m_GameObject: {fileID: 775647244}
  m_LocalRotation: {x: 0, y: 0, z: 0, w: 1}
  m_LocalPosition: {x: 0, y: 0, z: 0}
  m_LocalScale: {x: 1, y: 1, z: 1}
  m_Children:
  - {fileID: 293215310}
  m_Father: {fileID: 1136121952}
  m_RootOrder: 0
  m_LocalEulerAnglesHint: {x: 0, y: 0, z: 0}
  m_AnchorMin: {x: 0.5, y: 0.5}
  m_AnchorMax: {x: 0.5, y: 0.5}
  m_AnchoredPosition: {x: 27.495, y: 633}
  m_SizeDelta: {x: 695, y: 109}
  m_Pivot: {x: 0.5, y: 0.5}
--- !u!114 &775647246
MonoBehaviour:
  m_ObjectHideFlags: 0
  m_PrefabParentObject: {fileID: 11495144, guid: 9381c105a5f5ce64eb98c7aa64df80ff,
    type: 2}
  m_PrefabInternal: {fileID: 1432837037}
  m_GameObject: {fileID: 775647244}
  m_Enabled: 1
  m_EditorHideFlags: 0
  m_Script: {fileID: 708705254, guid: f5f67c52d1564df4a8936ccd202a3bd8, type: 3}
  m_Name: 
  m_EditorClassIdentifier: 
  m_Material: {fileID: 0}
  m_Color: {r: 0.85490197, g: 0.85490197, b: 0.85490197, a: 1}
  m_RaycastTarget: 1
  m_OnCullStateChanged:
    m_PersistentCalls:
      m_Calls: []
    m_TypeName: UnityEngine.UI.MaskableGraphic+CullStateChangedEvent, UnityEngine.UI,
      Version=1.0.0.0, Culture=neutral, PublicKeyToken=null
  m_FontData:
    m_Font: {fileID: 12800000, guid: 218956a5c2a6e42d6a60afccf80b002b, type: 3}
    m_FontSize: 102
    m_FontStyle: 0
    m_BestFit: 0
    m_MinSize: 10
    m_MaxSize: 102
    m_Alignment: 0
    m_AlignByGeometry: 0
    m_RichText: 1
    m_HorizontalOverflow: 0
    m_VerticalOverflow: 1
    m_LineSpacing: 1
  m_Text: GAME
--- !u!222 &775647247
CanvasRenderer:
  m_ObjectHideFlags: 0
  m_PrefabParentObject: {fileID: 22295148, guid: 9381c105a5f5ce64eb98c7aa64df80ff,
    type: 2}
  m_PrefabInternal: {fileID: 1432837037}
  m_GameObject: {fileID: 775647244}
--- !u!1 &910411406
GameObject:
  m_ObjectHideFlags: 0
  m_PrefabParentObject: {fileID: 195144, guid: 9381c105a5f5ce64eb98c7aa64df80ff, type: 2}
  m_PrefabInternal: {fileID: 1432837037}
  serializedVersion: 5
  m_Component:
  - component: {fileID: 910411407}
  - component: {fileID: 910411409}
  - component: {fileID: 910411408}
  m_Layer: 5
  m_Name: Dot
  m_TagString: Untagged
  m_Icon: {fileID: 0}
  m_NavMeshLayer: 0
  m_StaticEditorFlags: 0
  m_IsActive: 1
--- !u!224 &910411407
RectTransform:
  m_ObjectHideFlags: 0
  m_PrefabParentObject: {fileID: 22495144, guid: 9381c105a5f5ce64eb98c7aa64df80ff,
    type: 2}
  m_PrefabInternal: {fileID: 1432837037}
  m_GameObject: {fileID: 910411406}
  m_LocalRotation: {x: 0, y: 0, z: 0, w: 1}
  m_LocalPosition: {x: 0, y: 0, z: 0}
  m_LocalScale: {x: 1, y: 1, z: 1}
  m_Children: []
  m_Father: {fileID: 60307671}
  m_RootOrder: 21
  m_LocalEulerAnglesHint: {x: 0, y: 0, z: 0}
  m_AnchorMin: {x: 0.5, y: 0.5}
  m_AnchorMax: {x: 0.5, y: 0.5}
  m_AnchoredPosition: {x: 73, y: -80}
  m_SizeDelta: {x: 77, y: 76}
  m_Pivot: {x: 0.5, y: 0.5}
--- !u!114 &910411408
MonoBehaviour:
  m_ObjectHideFlags: 0
  m_PrefabParentObject: {fileID: 11495142, guid: 9381c105a5f5ce64eb98c7aa64df80ff,
    type: 2}
  m_PrefabInternal: {fileID: 1432837037}
  m_GameObject: {fileID: 910411406}
  m_Enabled: 1
  m_EditorHideFlags: 0
  m_Script: {fileID: -765806418, guid: f5f67c52d1564df4a8936ccd202a3bd8, type: 3}
  m_Name: 
  m_EditorClassIdentifier: 
  m_Material: {fileID: 0}
  m_Color: {r: 0.53333336, g: 0.64705884, b: 0.56078434, a: 1}
  m_RaycastTarget: 1
  m_OnCullStateChanged:
    m_PersistentCalls:
      m_Calls: []
    m_TypeName: UnityEngine.UI.MaskableGraphic+CullStateChangedEvent, UnityEngine.UI,
      Version=1.0.0.0, Culture=neutral, PublicKeyToken=null
  m_Sprite: {fileID: 21300000, guid: f04f7faa5cfd8444a9b61e426135725f, type: 3}
  m_Type: 0
  m_PreserveAspect: 0
  m_FillCenter: 1
  m_FillMethod: 4
  m_FillAmount: 1
  m_FillClockwise: 1
  m_FillOrigin: 0
--- !u!222 &910411409
CanvasRenderer:
  m_ObjectHideFlags: 0
  m_PrefabParentObject: {fileID: 22295146, guid: 9381c105a5f5ce64eb98c7aa64df80ff,
    type: 2}
  m_PrefabInternal: {fileID: 1432837037}
  m_GameObject: {fileID: 910411406}
--- !u!1 &995435692
GameObject:
  m_ObjectHideFlags: 0
  m_PrefabParentObject: {fileID: 195140, guid: 9381c105a5f5ce64eb98c7aa64df80ff, type: 2}
  m_PrefabInternal: {fileID: 1432837037}
  serializedVersion: 5
  m_Component:
  - component: {fileID: 995435693}
  - component: {fileID: 995435695}
  - component: {fileID: 995435694}
  m_Layer: 5
  m_Name: Line
  m_TagString: Untagged
  m_Icon: {fileID: 0}
  m_NavMeshLayer: 0
  m_StaticEditorFlags: 0
  m_IsActive: 1
--- !u!224 &995435693
RectTransform:
  m_ObjectHideFlags: 0
  m_PrefabParentObject: {fileID: 22495140, guid: 9381c105a5f5ce64eb98c7aa64df80ff,
    type: 2}
  m_PrefabInternal: {fileID: 1432837037}
  m_GameObject: {fileID: 995435692}
  m_LocalRotation: {x: 0, y: 0, z: 0, w: 1}
  m_LocalPosition: {x: 0, y: 0, z: 0}
  m_LocalScale: {x: 1, y: 1, z: 1}
  m_Children: []
  m_Father: {fileID: 60307671}
  m_RootOrder: 2
  m_LocalEulerAnglesHint: {x: 0, y: 0, z: 0}
  m_AnchorMin: {x: 0.5, y: 0.5}
  m_AnchorMax: {x: 0.5, y: 0.5}
  m_AnchoredPosition: {x: 0, y: 176}
  m_SizeDelta: {x: 124, y: 10}
  m_Pivot: {x: 0.5, y: 0.5}
--- !u!114 &995435694
MonoBehaviour:
  m_ObjectHideFlags: 0
  m_PrefabParentObject: {fileID: 11495138, guid: 9381c105a5f5ce64eb98c7aa64df80ff,
    type: 2}
  m_PrefabInternal: {fileID: 1432837037}
  m_GameObject: {fileID: 995435692}
  m_Enabled: 1
  m_EditorHideFlags: 0
  m_Script: {fileID: -765806418, guid: f5f67c52d1564df4a8936ccd202a3bd8, type: 3}
  m_Name: 
  m_EditorClassIdentifier: 
  m_Material: {fileID: 0}
  m_Color: {r: 0.6862745, g: 0.62352943, b: 0.6, a: 1}
  m_RaycastTarget: 1
  m_OnCullStateChanged:
    m_PersistentCalls:
      m_Calls: []
    m_TypeName: UnityEngine.UI.MaskableGraphic+CullStateChangedEvent, UnityEngine.UI,
      Version=1.0.0.0, Culture=neutral, PublicKeyToken=null
  m_Sprite: {fileID: 21300000, guid: 7ed1238760b863f4aafde32ab3a6f28c, type: 3}
  m_Type: 1
  m_PreserveAspect: 0
  m_FillCenter: 1
  m_FillMethod: 4
  m_FillAmount: 1
  m_FillClockwise: 1
  m_FillOrigin: 0
--- !u!222 &995435695
CanvasRenderer:
  m_ObjectHideFlags: 0
  m_PrefabParentObject: {fileID: 22295142, guid: 9381c105a5f5ce64eb98c7aa64df80ff,
    type: 2}
  m_PrefabInternal: {fileID: 1432837037}
  m_GameObject: {fileID: 995435692}
--- !u!1 &1092828965
GameObject:
  m_ObjectHideFlags: 0
  m_PrefabParentObject: {fileID: 195170, guid: 9381c105a5f5ce64eb98c7aa64df80ff, type: 2}
  m_PrefabInternal: {fileID: 1432837037}
  serializedVersion: 5
  m_Component:
  - component: {fileID: 1092828966}
  - component: {fileID: 1092828968}
  - component: {fileID: 1092828967}
  m_Layer: 5
  m_Name: Dot
  m_TagString: Untagged
  m_Icon: {fileID: 0}
  m_NavMeshLayer: 0
  m_StaticEditorFlags: 0
  m_IsActive: 1
--- !u!224 &1092828966
RectTransform:
  m_ObjectHideFlags: 0
  m_PrefabParentObject: {fileID: 22495170, guid: 9381c105a5f5ce64eb98c7aa64df80ff,
    type: 2}
  m_PrefabInternal: {fileID: 1432837037}
  m_GameObject: {fileID: 1092828965}
  m_LocalRotation: {x: 0, y: 0, z: 0, w: 1}
  m_LocalPosition: {x: 0, y: 0, z: 0}
  m_LocalScale: {x: 1, y: 1, z: 1}
  m_Children: []
  m_Father: {fileID: 60307671}
  m_RootOrder: 16
  m_LocalEulerAnglesHint: {x: 0, y: 0, z: 0}
  m_AnchorMin: {x: 0.5, y: 0.5}
  m_AnchorMax: {x: 0.5, y: 0.5}
  m_AnchoredPosition: {x: 73, y: 176}
  m_SizeDelta: {x: 45, y: 44}
  m_Pivot: {x: 0.5, y: 0.5}
--- !u!114 &1092828967
MonoBehaviour:
  m_ObjectHideFlags: 0
  m_PrefabParentObject: {fileID: 11495170, guid: 9381c105a5f5ce64eb98c7aa64df80ff,
    type: 2}
  m_PrefabInternal: {fileID: 1432837037}
  m_GameObject: {fileID: 1092828965}
  m_Enabled: 1
  m_EditorHideFlags: 0
  m_Script: {fileID: -765806418, guid: f5f67c52d1564df4a8936ccd202a3bd8, type: 3}
  m_Name: 
  m_EditorClassIdentifier: 
  m_Material: {fileID: 0}
  m_Color: {r: 0.88235295, g: 0.7254902, b: 0.5254902, a: 1}
  m_RaycastTarget: 1
  m_OnCullStateChanged:
    m_PersistentCalls:
      m_Calls: []
    m_TypeName: UnityEngine.UI.MaskableGraphic+CullStateChangedEvent, UnityEngine.UI,
      Version=1.0.0.0, Culture=neutral, PublicKeyToken=null
  m_Sprite: {fileID: 21300000, guid: f04f7faa5cfd8444a9b61e426135725f, type: 3}
  m_Type: 0
  m_PreserveAspect: 0
  m_FillCenter: 1
  m_FillMethod: 4
  m_FillAmount: 1
  m_FillClockwise: 1
  m_FillOrigin: 0
--- !u!222 &1092828968
CanvasRenderer:
  m_ObjectHideFlags: 0
  m_PrefabParentObject: {fileID: 22295170, guid: 9381c105a5f5ce64eb98c7aa64df80ff,
    type: 2}
  m_PrefabInternal: {fileID: 1432837037}
  m_GameObject: {fileID: 1092828965}
--- !u!1 &1136121948
GameObject:
  m_ObjectHideFlags: 0
  m_PrefabParentObject: {fileID: 195164, guid: 9381c105a5f5ce64eb98c7aa64df80ff, type: 2}
  m_PrefabInternal: {fileID: 1432837037}
  serializedVersion: 5
  m_Component:
  - component: {fileID: 1136121952}
  - component: {fileID: 1136121951}
  - component: {fileID: 1136121950}
  - component: {fileID: 1136121949}
  m_Layer: 5
  m_Name: GameExample_7
  m_TagString: Untagged
  m_Icon: {fileID: 0}
  m_NavMeshLayer: 0
  m_StaticEditorFlags: 0
  m_IsActive: 1
--- !u!114 &1136121949
MonoBehaviour:
  m_ObjectHideFlags: 0
  m_PrefabParentObject: {fileID: 11495164, guid: 9381c105a5f5ce64eb98c7aa64df80ff,
    type: 2}
  m_PrefabInternal: {fileID: 1432837037}
  m_GameObject: {fileID: 1136121948}
  m_Enabled: 1
  m_EditorHideFlags: 0
  m_Script: {fileID: 1301386320, guid: f5f67c52d1564df4a8936ccd202a3bd8, type: 3}
  m_Name: 
  m_EditorClassIdentifier: 
  m_IgnoreReversedGraphics: 1
  m_BlockingObjects: 0
  m_BlockingMask:
    serializedVersion: 2
    m_Bits: 4294967295
--- !u!114 &1136121950
MonoBehaviour:
  m_ObjectHideFlags: 0
  m_PrefabParentObject: {fileID: 11495162, guid: 9381c105a5f5ce64eb98c7aa64df80ff,
    type: 2}
  m_PrefabInternal: {fileID: 1432837037}
  m_GameObject: {fileID: 1136121948}
  m_Enabled: 1
  m_EditorHideFlags: 0
  m_Script: {fileID: 1980459831, guid: f5f67c52d1564df4a8936ccd202a3bd8, type: 3}
  m_Name: 
  m_EditorClassIdentifier: 
  m_UiScaleMode: 1
  m_ReferencePixelsPerUnit: 100
  m_ScaleFactor: 1
  m_ReferenceResolution: {x: 640, y: 1136}
  m_ScreenMatchMode: 0
  m_MatchWidthOrHeight: 1
  m_PhysicalUnit: 3
  m_FallbackScreenDPI: 96
  m_DefaultSpriteDPI: 96
  m_DynamicPixelsPerUnit: 1
--- !u!223 &1136121951
Canvas:
  m_ObjectHideFlags: 0
  m_PrefabParentObject: {fileID: 22395170, guid: 9381c105a5f5ce64eb98c7aa64df80ff,
    type: 2}
  m_PrefabInternal: {fileID: 1432837037}
  m_GameObject: {fileID: 1136121948}
  m_Enabled: 1
  serializedVersion: 3
  m_RenderMode: 0
  m_Camera: {fileID: 0}
  m_PlaneDistance: 100
  m_PixelPerfect: 1
  m_ReceivesEvents: 1
  m_OverrideSorting: 0
  m_OverridePixelPerfect: 0
  m_SortingBucketNormalizedSize: 0
  m_AdditionalShaderChannelsFlag: 25
  m_SortingLayerID: 0
  m_SortingOrder: 0
  m_TargetDisplay: 0
--- !u!224 &1136121952
RectTransform:
  m_ObjectHideFlags: 0
  m_PrefabParentObject: {fileID: 22495164, guid: 9381c105a5f5ce64eb98c7aa64df80ff,
    type: 2}
  m_PrefabInternal: {fileID: 1432837037}
  m_GameObject: {fileID: 1136121948}
  m_LocalRotation: {x: 0, y: 0, z: 0, w: 1}
  m_LocalPosition: {x: 0, y: 0, z: 0}
  m_LocalScale: {x: 0, y: 0, z: 0}
  m_Children:
  - {fileID: 775647245}
  - {fileID: 60307671}
  m_Father: {fileID: 0}
  m_RootOrder: 0
  m_LocalEulerAnglesHint: {x: 0, y: 0, z: 0}
  m_AnchorMin: {x: 0, y: 0}
  m_AnchorMax: {x: 0, y: 0}
  m_AnchoredPosition: {x: 0, y: 0}
  m_SizeDelta: {x: 0, y: 0}
  m_Pivot: {x: 0, y: 0}
--- !u!1 &1198188116
GameObject:
  m_ObjectHideFlags: 0
  m_PrefabParentObject: {fileID: 195132, guid: 9381c105a5f5ce64eb98c7aa64df80ff, type: 2}
  m_PrefabInternal: {fileID: 1432837037}
  serializedVersion: 5
  m_Component:
  - component: {fileID: 1198188117}
  - component: {fileID: 1198188119}
  - component: {fileID: 1198188118}
  m_Layer: 5
  m_Name: Dot
  m_TagString: Untagged
  m_Icon: {fileID: 0}
  m_NavMeshLayer: 0
  m_StaticEditorFlags: 0
  m_IsActive: 1
--- !u!224 &1198188117
RectTransform:
  m_ObjectHideFlags: 0
  m_PrefabParentObject: {fileID: 22495132, guid: 9381c105a5f5ce64eb98c7aa64df80ff,
    type: 2}
  m_PrefabInternal: {fileID: 1432837037}
  m_GameObject: {fileID: 1198188116}
  m_LocalRotation: {x: 0, y: 0, z: 0, w: 1}
  m_LocalPosition: {x: 0, y: 0, z: 0}
  m_LocalScale: {x: 1, y: 1, z: 1}
  m_Children: []
  m_Father: {fileID: 60307671}
  m_RootOrder: 14
  m_LocalEulerAnglesHint: {x: 0, y: 0, z: 0}
  m_AnchorMin: {x: 0.5, y: 0.5}
  m_AnchorMax: {x: 0.5, y: 0.5}
  m_AnchoredPosition: {x: -55, y: 48}
  m_SizeDelta: {x: 81, y: 79}
  m_Pivot: {x: 0.5, y: 0.5}
--- !u!114 &1198188118
MonoBehaviour:
  m_ObjectHideFlags: 0
  m_PrefabParentObject: {fileID: 11495130, guid: 9381c105a5f5ce64eb98c7aa64df80ff,
    type: 2}
  m_PrefabInternal: {fileID: 1432837037}
  m_GameObject: {fileID: 1198188116}
  m_Enabled: 1
  m_EditorHideFlags: 0
  m_Script: {fileID: -765806418, guid: f5f67c52d1564df4a8936ccd202a3bd8, type: 3}
  m_Name: 
  m_EditorClassIdentifier: 
  m_Material: {fileID: 0}
  m_Color: {r: 0.39215687, g: 0.2784314, b: 0.28627452, a: 1}
  m_RaycastTarget: 1
  m_OnCullStateChanged:
    m_PersistentCalls:
      m_Calls: []
    m_TypeName: UnityEngine.UI.MaskableGraphic+CullStateChangedEvent, UnityEngine.UI,
      Version=1.0.0.0, Culture=neutral, PublicKeyToken=null
  m_Sprite: {fileID: 21300000, guid: f04f7faa5cfd8444a9b61e426135725f, type: 3}
  m_Type: 0
  m_PreserveAspect: 0
  m_FillCenter: 1
  m_FillMethod: 4
  m_FillAmount: 1
  m_FillClockwise: 1
  m_FillOrigin: 0
--- !u!222 &1198188119
CanvasRenderer:
  m_ObjectHideFlags: 0
  m_PrefabParentObject: {fileID: 22295134, guid: 9381c105a5f5ce64eb98c7aa64df80ff,
    type: 2}
  m_PrefabInternal: {fileID: 1432837037}
  m_GameObject: {fileID: 1198188116}
--- !u!1 &1248959064
GameObject:
  m_ObjectHideFlags: 0
  m_PrefabParentObject: {fileID: 195108, guid: 9381c105a5f5ce64eb98c7aa64df80ff, type: 2}
  m_PrefabInternal: {fileID: 1432837037}
  serializedVersion: 5
  m_Component:
  - component: {fileID: 1248959065}
  - component: {fileID: 1248959067}
  - component: {fileID: 1248959066}
  m_Layer: 5
  m_Name: Dot
  m_TagString: Untagged
  m_Icon: {fileID: 0}
  m_NavMeshLayer: 0
  m_StaticEditorFlags: 0
  m_IsActive: 1
--- !u!224 &1248959065
RectTransform:
  m_ObjectHideFlags: 0
  m_PrefabParentObject: {fileID: 22495108, guid: 9381c105a5f5ce64eb98c7aa64df80ff,
    type: 2}
  m_PrefabInternal: {fileID: 1432837037}
  m_GameObject: {fileID: 1248959064}
  m_LocalRotation: {x: 0, y: 0, z: 0, w: 1}
  m_LocalPosition: {x: 0, y: 0, z: 0}
  m_LocalScale: {x: 1, y: 1, z: 1}
  m_Children: []
  m_Father: {fileID: 60307671}
  m_RootOrder: 10
  m_LocalEulerAnglesHint: {x: 0, y: 0, z: 0}
  m_AnchorMin: {x: 0.5, y: 0.5}
  m_AnchorMax: {x: 0.5, y: 0.5}
  m_AnchoredPosition: {x: -56, y: 304}
  m_SizeDelta: {x: 45, y: 44}
  m_Pivot: {x: 0.5, y: 0.5}
--- !u!114 &1248959066
MonoBehaviour:
  m_ObjectHideFlags: 0
  m_PrefabParentObject: {fileID: 11495104, guid: 9381c105a5f5ce64eb98c7aa64df80ff,
    type: 2}
  m_PrefabInternal: {fileID: 1432837037}
  m_GameObject: {fileID: 1248959064}
  m_Enabled: 1
  m_EditorHideFlags: 0
  m_Script: {fileID: -765806418, guid: f5f67c52d1564df4a8936ccd202a3bd8, type: 3}
  m_Name: 
  m_EditorClassIdentifier: 
  m_Material: {fileID: 0}
  m_Color: {r: 0.8509804, g: 0.5882353, b: 0.39215687, a: 1}
  m_RaycastTarget: 1
  m_OnCullStateChanged:
    m_PersistentCalls:
      m_Calls: []
    m_TypeName: UnityEngine.UI.MaskableGraphic+CullStateChangedEvent, UnityEngine.UI,
      Version=1.0.0.0, Culture=neutral, PublicKeyToken=null
  m_Sprite: {fileID: 21300000, guid: f04f7faa5cfd8444a9b61e426135725f, type: 3}
  m_Type: 0
  m_PreserveAspect: 0
  m_FillCenter: 1
  m_FillMethod: 4
  m_FillAmount: 1
  m_FillClockwise: 1
  m_FillOrigin: 0
--- !u!222 &1248959067
CanvasRenderer:
  m_ObjectHideFlags: 0
  m_PrefabParentObject: {fileID: 22295110, guid: 9381c105a5f5ce64eb98c7aa64df80ff,
    type: 2}
  m_PrefabInternal: {fileID: 1432837037}
  m_GameObject: {fileID: 1248959064}
--- !u!1 &1309008518
GameObject:
  m_ObjectHideFlags: 0
  m_PrefabParentObject: {fileID: 195136, guid: 9381c105a5f5ce64eb98c7aa64df80ff, type: 2}
  m_PrefabInternal: {fileID: 1432837037}
  serializedVersion: 5
  m_Component:
  - component: {fileID: 1309008519}
  - component: {fileID: 1309008521}
  - component: {fileID: 1309008520}
  m_Layer: 5
  m_Name: Dot
  m_TagString: Untagged
  m_Icon: {fileID: 0}
  m_NavMeshLayer: 0
  m_StaticEditorFlags: 0
  m_IsActive: 1
--- !u!224 &1309008519
RectTransform:
  m_ObjectHideFlags: 0
  m_PrefabParentObject: {fileID: 22495136, guid: 9381c105a5f5ce64eb98c7aa64df80ff,
    type: 2}
  m_PrefabInternal: {fileID: 1432837037}
  m_GameObject: {fileID: 1309008518}
  m_LocalRotation: {x: 0, y: 0, z: 0, w: 1}
  m_LocalPosition: {x: 0, y: 0, z: 0}
  m_LocalScale: {x: 1, y: 1, z: 1}
  m_Children: []
  m_Father: {fileID: 60307671}
  m_RootOrder: 24
  m_LocalEulerAnglesHint: {x: 0, y: 0, z: 0}
  m_AnchorMin: {x: 0.5, y: 0.5}
  m_AnchorMax: {x: 0.5, y: 0.5}
  m_AnchoredPosition: {x: 73, y: -208}
  m_SizeDelta: {x: 45, y: 44}
  m_Pivot: {x: 0.5, y: 0.5}
--- !u!114 &1309008520
MonoBehaviour:
  m_ObjectHideFlags: 0
  m_PrefabParentObject: {fileID: 11495134, guid: 9381c105a5f5ce64eb98c7aa64df80ff,
    type: 2}
  m_PrefabInternal: {fileID: 1432837037}
  m_GameObject: {fileID: 1309008518}
  m_Enabled: 1
  m_EditorHideFlags: 0
  m_Script: {fileID: -765806418, guid: f5f67c52d1564df4a8936ccd202a3bd8, type: 3}
  m_Name: 
  m_EditorClassIdentifier: 
  m_Material: {fileID: 0}
  m_Color: {r: 0.6862745, g: 0.62352943, b: 0.6, a: 1}
  m_RaycastTarget: 1
  m_OnCullStateChanged:
    m_PersistentCalls:
      m_Calls: []
    m_TypeName: UnityEngine.UI.MaskableGraphic+CullStateChangedEvent, UnityEngine.UI,
      Version=1.0.0.0, Culture=neutral, PublicKeyToken=null
  m_Sprite: {fileID: 21300000, guid: f04f7faa5cfd8444a9b61e426135725f, type: 3}
  m_Type: 0
  m_PreserveAspect: 0
  m_FillCenter: 1
  m_FillMethod: 4
  m_FillAmount: 1
  m_FillClockwise: 1
  m_FillOrigin: 0
--- !u!222 &1309008521
CanvasRenderer:
  m_ObjectHideFlags: 0
  m_PrefabParentObject: {fileID: 22295138, guid: 9381c105a5f5ce64eb98c7aa64df80ff,
    type: 2}
  m_PrefabInternal: {fileID: 1432837037}
  m_GameObject: {fileID: 1309008518}
--- !u!1 &1350426750
GameObject:
  m_ObjectHideFlags: 0
  m_PrefabParentObject: {fileID: 195148, guid: 9381c105a5f5ce64eb98c7aa64df80ff, type: 2}
  m_PrefabInternal: {fileID: 1432837037}
  serializedVersion: 5
  m_Component:
  - component: {fileID: 1350426751}
  - component: {fileID: 1350426753}
  - component: {fileID: 1350426752}
  m_Layer: 5
  m_Name: Line
  m_TagString: Untagged
  m_Icon: {fileID: 0}
  m_NavMeshLayer: 0
  m_StaticEditorFlags: 0
  m_IsActive: 1
--- !u!224 &1350426751
RectTransform:
  m_ObjectHideFlags: 0
  m_PrefabParentObject: {fileID: 22495148, guid: 9381c105a5f5ce64eb98c7aa64df80ff,
    type: 2}
  m_PrefabInternal: {fileID: 1432837037}
  m_GameObject: {fileID: 1350426750}
  m_LocalRotation: {x: 0, y: 0, z: 0, w: 1}
  m_LocalPosition: {x: 0, y: 0, z: 0}
  m_LocalScale: {x: 1, y: 1, z: 1}
  m_Children: []
  m_Father: {fileID: 60307671}
  m_RootOrder: 1
  m_LocalEulerAnglesHint: {x: 0, y: 0, z: 0}
  m_AnchorMin: {x: 0.5, y: 0.5}
  m_AnchorMax: {x: 0.5, y: 0.5}
  m_AnchoredPosition: {x: -55, y: 112}
  m_SizeDelta: {x: 10, y: 124}
  m_Pivot: {x: 0.5, y: 0.5}
--- !u!114 &1350426752
MonoBehaviour:
  m_ObjectHideFlags: 0
  m_PrefabParentObject: {fileID: 11495146, guid: 9381c105a5f5ce64eb98c7aa64df80ff,
    type: 2}
  m_PrefabInternal: {fileID: 1432837037}
  m_GameObject: {fileID: 1350426750}
  m_Enabled: 1
  m_EditorHideFlags: 0
  m_Script: {fileID: -765806418, guid: f5f67c52d1564df4a8936ccd202a3bd8, type: 3}
  m_Name: 
  m_EditorClassIdentifier: 
  m_Material: {fileID: 0}
  m_Color: {r: 0.8784314, g: 0.72156864, b: 0.52156866, a: 1}
  m_RaycastTarget: 1
  m_OnCullStateChanged:
    m_PersistentCalls:
      m_Calls: []
    m_TypeName: UnityEngine.UI.MaskableGraphic+CullStateChangedEvent, UnityEngine.UI,
      Version=1.0.0.0, Culture=neutral, PublicKeyToken=null
  m_Sprite: {fileID: 21300000, guid: 7ed1238760b863f4aafde32ab3a6f28c, type: 3}
  m_Type: 1
  m_PreserveAspect: 0
  m_FillCenter: 1
  m_FillMethod: 4
  m_FillAmount: 1
  m_FillClockwise: 1
  m_FillOrigin: 0
--- !u!222 &1350426753
CanvasRenderer:
  m_ObjectHideFlags: 0
  m_PrefabParentObject: {fileID: 22295150, guid: 9381c105a5f5ce64eb98c7aa64df80ff,
    type: 2}
  m_PrefabInternal: {fileID: 1432837037}
  m_GameObject: {fileID: 1350426750}
--- !u!1 &1384355066
GameObject:
  m_ObjectHideFlags: 0
  m_PrefabParentObject: {fileID: 195160, guid: 9381c105a5f5ce64eb98c7aa64df80ff, type: 2}
  m_PrefabInternal: {fileID: 1432837037}
  serializedVersion: 5
  m_Component:
  - component: {fileID: 1384355067}
  - component: {fileID: 1384355069}
  - component: {fileID: 1384355068}
  m_Layer: 5
  m_Name: Line
  m_TagString: Untagged
  m_Icon: {fileID: 0}
  m_NavMeshLayer: 0
  m_StaticEditorFlags: 0
  m_IsActive: 1
--- !u!224 &1384355067
RectTransform:
  m_ObjectHideFlags: 0
  m_PrefabParentObject: {fileID: 22495160, guid: 9381c105a5f5ce64eb98c7aa64df80ff,
    type: 2}
  m_PrefabInternal: {fileID: 1432837037}
  m_GameObject: {fileID: 1384355066}
  m_LocalRotation: {x: 0, y: 0, z: 0, w: 1}
  m_LocalPosition: {x: 0, y: 0, z: 0}
  m_LocalScale: {x: 1, y: 1, z: 1}
  m_Children: []
  m_Father: {fileID: 60307671}
  m_RootOrder: 4
  m_LocalEulerAnglesHint: {x: 0, y: 0, z: 0}
  m_AnchorMin: {x: 0.5, y: 0.5}
  m_AnchorMax: {x: 0.5, y: 0.5}
  m_AnchoredPosition: {x: 73, y: 236}
  m_SizeDelta: {x: 10, y: 124}
  m_Pivot: {x: 0.5, y: 0.5}
--- !u!114 &1384355068
MonoBehaviour:
  m_ObjectHideFlags: 0
  m_PrefabParentObject: {fileID: 11495158, guid: 9381c105a5f5ce64eb98c7aa64df80ff,
    type: 2}
  m_PrefabInternal: {fileID: 1432837037}
  m_GameObject: {fileID: 1384355066}
  m_Enabled: 1
  m_EditorHideFlags: 0
  m_Script: {fileID: -765806418, guid: f5f67c52d1564df4a8936ccd202a3bd8, type: 3}
  m_Name: 
  m_EditorClassIdentifier: 
  m_Material: {fileID: 0}
  m_Color: {r: 0.8784314, g: 0.72156864, b: 0.52156866, a: 1}
  m_RaycastTarget: 1
  m_OnCullStateChanged:
    m_PersistentCalls:
      m_Calls: []
    m_TypeName: UnityEngine.UI.MaskableGraphic+CullStateChangedEvent, UnityEngine.UI,
      Version=1.0.0.0, Culture=neutral, PublicKeyToken=null
  m_Sprite: {fileID: 21300000, guid: 7ed1238760b863f4aafde32ab3a6f28c, type: 3}
  m_Type: 1
  m_PreserveAspect: 0
  m_FillCenter: 1
  m_FillMethod: 4
  m_FillAmount: 1
  m_FillClockwise: 1
  m_FillOrigin: 0
--- !u!222 &1384355069
CanvasRenderer:
  m_ObjectHideFlags: 0
  m_PrefabParentObject: {fileID: 22295162, guid: 9381c105a5f5ce64eb98c7aa64df80ff,
    type: 2}
  m_PrefabInternal: {fileID: 1432837037}
  m_GameObject: {fileID: 1384355066}
--- !u!1 &1396634984
GameObject:
  m_ObjectHideFlags: 0
  m_PrefabParentObject: {fileID: 195168, guid: 9381c105a5f5ce64eb98c7aa64df80ff, type: 2}
  m_PrefabInternal: {fileID: 1432837037}
  serializedVersion: 5
  m_Component:
  - component: {fileID: 1396634985}
  - component: {fileID: 1396634987}
  - component: {fileID: 1396634986}
  m_Layer: 5
  m_Name: Dot
  m_TagString: Untagged
  m_Icon: {fileID: 0}
  m_NavMeshLayer: 0
  m_StaticEditorFlags: 0
  m_IsActive: 1
--- !u!224 &1396634985
RectTransform:
  m_ObjectHideFlags: 0
  m_PrefabParentObject: {fileID: 22495168, guid: 9381c105a5f5ce64eb98c7aa64df80ff,
    type: 2}
  m_PrefabInternal: {fileID: 1432837037}
  m_GameObject: {fileID: 1396634984}
  m_LocalRotation: {x: 0, y: 0, z: 0, w: 1}
  m_LocalPosition: {x: 0, y: 0, z: 0}
  m_LocalScale: {x: 1, y: 1, z: 1}
  m_Children: []
  m_Father: {fileID: 60307671}
  m_RootOrder: 23
  m_LocalEulerAnglesHint: {x: 0, y: 0, z: 0}
  m_AnchorMin: {x: 0.5, y: 0.5}
  m_AnchorMax: {x: 0.5, y: 0.5}
  m_AnchoredPosition: {x: 201, y: -208}
  m_SizeDelta: {x: 45, y: 44}
  m_Pivot: {x: 0.5, y: 0.5}
--- !u!114 &1396634986
MonoBehaviour:
  m_ObjectHideFlags: 0
  m_PrefabParentObject: {fileID: 11495168, guid: 9381c105a5f5ce64eb98c7aa64df80ff,
    type: 2}
  m_PrefabInternal: {fileID: 1432837037}
  m_GameObject: {fileID: 1396634984}
  m_Enabled: 1
  m_EditorHideFlags: 0
  m_Script: {fileID: -765806418, guid: f5f67c52d1564df4a8936ccd202a3bd8, type: 3}
  m_Name: 
  m_EditorClassIdentifier: 
  m_Material: {fileID: 0}
  m_Color: {r: 0.6862745, g: 0.62352943, b: 0.6, a: 1}
  m_RaycastTarget: 1
  m_OnCullStateChanged:
    m_PersistentCalls:
      m_Calls: []
    m_TypeName: UnityEngine.UI.MaskableGraphic+CullStateChangedEvent, UnityEngine.UI,
      Version=1.0.0.0, Culture=neutral, PublicKeyToken=null
  m_Sprite: {fileID: 21300000, guid: f04f7faa5cfd8444a9b61e426135725f, type: 3}
  m_Type: 0
  m_PreserveAspect: 0
  m_FillCenter: 1
  m_FillMethod: 4
  m_FillAmount: 1
  m_FillClockwise: 1
  m_FillOrigin: 0
--- !u!222 &1396634987
CanvasRenderer:
  m_ObjectHideFlags: 0
  m_PrefabParentObject: {fileID: 22295168, guid: 9381c105a5f5ce64eb98c7aa64df80ff,
    type: 2}
  m_PrefabInternal: {fileID: 1432837037}
  m_GameObject: {fileID: 1396634984}
--- !u!1 &1410576477
GameObject:
  m_ObjectHideFlags: 0
  m_PrefabParentObject: {fileID: 195166, guid: 9381c105a5f5ce64eb98c7aa64df80ff, type: 2}
  m_PrefabInternal: {fileID: 1432837037}
  serializedVersion: 5
  m_Component:
  - component: {fileID: 1410576478}
  - component: {fileID: 1410576480}
  - component: {fileID: 1410576479}
  m_Layer: 5
  m_Name: Line
  m_TagString: Untagged
  m_Icon: {fileID: 0}
  m_NavMeshLayer: 0
  m_StaticEditorFlags: 0
  m_IsActive: 1
--- !u!224 &1410576478
RectTransform:
  m_ObjectHideFlags: 0
  m_PrefabParentObject: {fileID: 22495166, guid: 9381c105a5f5ce64eb98c7aa64df80ff,
    type: 2}
  m_PrefabInternal: {fileID: 1432837037}
  m_GameObject: {fileID: 1410576477}
  m_LocalRotation: {x: 0, y: 0, z: 0, w: 1}
  m_LocalPosition: {x: 0, y: 0, z: 0}
  m_LocalScale: {x: 1, y: 1, z: 1}
  m_Children: []
  m_Father: {fileID: 60307671}
  m_RootOrder: 6
  m_LocalEulerAnglesHint: {x: 0, y: 0, z: 0}
  m_AnchorMin: {x: 0.5, y: 0.5}
  m_AnchorMax: {x: 0.5, y: 0.5}
  m_AnchoredPosition: {x: -124, y: -80}
  m_SizeDelta: {x: 124, y: 10}
  m_Pivot: {x: 0.5, y: 0.5}
--- !u!114 &1410576479
MonoBehaviour:
  m_ObjectHideFlags: 0
  m_PrefabParentObject: {fileID: 11495166, guid: 9381c105a5f5ce64eb98c7aa64df80ff,
    type: 2}
  m_PrefabInternal: {fileID: 1432837037}
  m_GameObject: {fileID: 1410576477}
  m_Enabled: 1
  m_EditorHideFlags: 0
  m_Script: {fileID: -765806418, guid: f5f67c52d1564df4a8936ccd202a3bd8, type: 3}
  m_Name: 
  m_EditorClassIdentifier: 
  m_Material: {fileID: 0}
  m_Color: {r: 0.6862745, g: 0.62352943, b: 0.6, a: 1}
  m_RaycastTarget: 1
  m_OnCullStateChanged:
    m_PersistentCalls:
      m_Calls: []
    m_TypeName: UnityEngine.UI.MaskableGraphic+CullStateChangedEvent, UnityEngine.UI,
      Version=1.0.0.0, Culture=neutral, PublicKeyToken=null
  m_Sprite: {fileID: 21300000, guid: 7ed1238760b863f4aafde32ab3a6f28c, type: 3}
  m_Type: 1
  m_PreserveAspect: 0
  m_FillCenter: 1
  m_FillMethod: 4
  m_FillAmount: 1
  m_FillClockwise: 1
  m_FillOrigin: 0
--- !u!222 &1410576480
CanvasRenderer:
  m_ObjectHideFlags: 0
  m_PrefabParentObject: {fileID: 22295166, guid: 9381c105a5f5ce64eb98c7aa64df80ff,
    type: 2}
  m_PrefabInternal: {fileID: 1432837037}
  m_GameObject: {fileID: 1410576477}
--- !u!1001 &1432837037
Prefab:
  m_ObjectHideFlags: 0
  serializedVersion: 2
  m_Modification:
    m_TransformParent: {fileID: 0}
    m_Modifications:
    - target: {fileID: 22495164, guid: 9381c105a5f5ce64eb98c7aa64df80ff, type: 2}
      propertyPath: m_LocalPosition.x
      value: 0
      objectReference: {fileID: 0}
    - target: {fileID: 22495164, guid: 9381c105a5f5ce64eb98c7aa64df80ff, type: 2}
      propertyPath: m_LocalPosition.y
      value: 0
      objectReference: {fileID: 0}
    - target: {fileID: 22495164, guid: 9381c105a5f5ce64eb98c7aa64df80ff, type: 2}
      propertyPath: m_LocalPosition.z
      value: 0
      objectReference: {fileID: 0}
    - target: {fileID: 22495164, guid: 9381c105a5f5ce64eb98c7aa64df80ff, type: 2}
      propertyPath: m_LocalRotation.x
      value: 0
      objectReference: {fileID: 0}
    - target: {fileID: 22495164, guid: 9381c105a5f5ce64eb98c7aa64df80ff, type: 2}
      propertyPath: m_LocalRotation.y
      value: 0
      objectReference: {fileID: 0}
    - target: {fileID: 22495164, guid: 9381c105a5f5ce64eb98c7aa64df80ff, type: 2}
      propertyPath: m_LocalRotation.z
      value: 0
      objectReference: {fileID: 0}
    - target: {fileID: 22495164, guid: 9381c105a5f5ce64eb98c7aa64df80ff, type: 2}
      propertyPath: m_LocalRotation.w
      value: 1
      objectReference: {fileID: 0}
    - target: {fileID: 22495164, guid: 9381c105a5f5ce64eb98c7aa64df80ff, type: 2}
      propertyPath: m_RootOrder
      value: 0
      objectReference: {fileID: 0}
    - target: {fileID: 22495164, guid: 9381c105a5f5ce64eb98c7aa64df80ff, type: 2}
      propertyPath: m_AnchoredPosition.x
      value: 0
      objectReference: {fileID: 0}
    - target: {fileID: 22495164, guid: 9381c105a5f5ce64eb98c7aa64df80ff, type: 2}
      propertyPath: m_AnchoredPosition.y
      value: 0
      objectReference: {fileID: 0}
    - target: {fileID: 22495164, guid: 9381c105a5f5ce64eb98c7aa64df80ff, type: 2}
      propertyPath: m_SizeDelta.x
      value: 0
      objectReference: {fileID: 0}
    - target: {fileID: 22495164, guid: 9381c105a5f5ce64eb98c7aa64df80ff, type: 2}
      propertyPath: m_SizeDelta.y
      value: 0
      objectReference: {fileID: 0}
    - target: {fileID: 22495164, guid: 9381c105a5f5ce64eb98c7aa64df80ff, type: 2}
      propertyPath: m_AnchorMin.x
      value: 0
      objectReference: {fileID: 0}
    - target: {fileID: 22495164, guid: 9381c105a5f5ce64eb98c7aa64df80ff, type: 2}
      propertyPath: m_AnchorMin.y
      value: 0
      objectReference: {fileID: 0}
    - target: {fileID: 22495164, guid: 9381c105a5f5ce64eb98c7aa64df80ff, type: 2}
      propertyPath: m_AnchorMax.x
      value: 0
      objectReference: {fileID: 0}
    - target: {fileID: 22495164, guid: 9381c105a5f5ce64eb98c7aa64df80ff, type: 2}
      propertyPath: m_AnchorMax.y
      value: 0
      objectReference: {fileID: 0}
    - target: {fileID: 22495164, guid: 9381c105a5f5ce64eb98c7aa64df80ff, type: 2}
      propertyPath: m_Pivot.x
      value: 0
      objectReference: {fileID: 0}
    - target: {fileID: 22495164, guid: 9381c105a5f5ce64eb98c7aa64df80ff, type: 2}
      propertyPath: m_Pivot.y
      value: 0
      objectReference: {fileID: 0}
    m_RemovedComponents: []
  m_ParentPrefab: {fileID: 100100000, guid: 9381c105a5f5ce64eb98c7aa64df80ff, type: 2}
  m_RootGameObject: {fileID: 1136121948}
  m_IsPrefabParent: 0
--- !u!1 &1462960914
GameObject:
  m_ObjectHideFlags: 0
  m_PrefabParentObject: {fileID: 195106, guid: 9381c105a5f5ce64eb98c7aa64df80ff, type: 2}
  m_PrefabInternal: {fileID: 1432837037}
  serializedVersion: 5
  m_Component:
  - component: {fileID: 1462960915}
  - component: {fileID: 1462960917}
  - component: {fileID: 1462960916}
  m_Layer: 5
  m_Name: Dot
  m_TagString: Untagged
  m_Icon: {fileID: 0}
  m_NavMeshLayer: 0
  m_StaticEditorFlags: 0
  m_IsActive: 1
--- !u!224 &1462960915
RectTransform:
  m_ObjectHideFlags: 0
  m_PrefabParentObject: {fileID: 22495106, guid: 9381c105a5f5ce64eb98c7aa64df80ff,
    type: 2}
  m_PrefabInternal: {fileID: 1432837037}
  m_GameObject: {fileID: 1462960914}
  m_LocalRotation: {x: 0, y: 0, z: 0, w: 1}
  m_LocalPosition: {x: 0, y: 0, z: 0}
  m_LocalScale: {x: 1, y: 1, z: 1}
  m_Children: []
  m_Father: {fileID: 60307671}
  m_RootOrder: 20
  m_LocalEulerAnglesHint: {x: 0, y: 0, z: 0}
  m_AnchorMin: {x: 0.5, y: 0.5}
  m_AnchorMax: {x: 0.5, y: 0.5}
  m_AnchoredPosition: {x: 73, y: 48}
  m_SizeDelta: {x: 45, y: 44}
  m_Pivot: {x: 0.5, y: 0.5}
--- !u!114 &1462960916
MonoBehaviour:
  m_ObjectHideFlags: 0
  m_PrefabParentObject: {fileID: 11495102, guid: 9381c105a5f5ce64eb98c7aa64df80ff,
    type: 2}
  m_PrefabInternal: {fileID: 1432837037}
  m_GameObject: {fileID: 1462960914}
  m_Enabled: 1
  m_EditorHideFlags: 0
  m_Script: {fileID: -765806418, guid: f5f67c52d1564df4a8936ccd202a3bd8, type: 3}
  m_Name: 
  m_EditorClassIdentifier: 
  m_Material: {fileID: 0}
  m_Color: {r: 0.39215687, g: 0.2784314, b: 0.28627452, a: 1}
  m_RaycastTarget: 1
  m_OnCullStateChanged:
    m_PersistentCalls:
      m_Calls: []
    m_TypeName: UnityEngine.UI.MaskableGraphic+CullStateChangedEvent, UnityEngine.UI,
      Version=1.0.0.0, Culture=neutral, PublicKeyToken=null
  m_Sprite: {fileID: 21300000, guid: f04f7faa5cfd8444a9b61e426135725f, type: 3}
  m_Type: 0
  m_PreserveAspect: 0
  m_FillCenter: 1
  m_FillMethod: 4
  m_FillAmount: 1
  m_FillClockwise: 1
  m_FillOrigin: 0
--- !u!222 &1462960917
CanvasRenderer:
  m_ObjectHideFlags: 0
  m_PrefabParentObject: {fileID: 22295108, guid: 9381c105a5f5ce64eb98c7aa64df80ff,
    type: 2}
  m_PrefabInternal: {fileID: 1432837037}
  m_GameObject: {fileID: 1462960914}
--- !u!1 &1479163601
GameObject:
  m_ObjectHideFlags: 0
  m_PrefabParentObject: {fileID: 195110, guid: 9381c105a5f5ce64eb98c7aa64df80ff, type: 2}
  m_PrefabInternal: {fileID: 1432837037}
  serializedVersion: 5
  m_Component:
  - component: {fileID: 1479163602}
  - component: {fileID: 1479163604}
  - component: {fileID: 1479163603}
  m_Layer: 5
  m_Name: Dot
  m_TagString: Untagged
  m_Icon: {fileID: 0}
  m_NavMeshLayer: 0
  m_StaticEditorFlags: 0
  m_IsActive: 1
--- !u!224 &1479163602
RectTransform:
  m_ObjectHideFlags: 0
  m_PrefabParentObject: {fileID: 22495110, guid: 9381c105a5f5ce64eb98c7aa64df80ff,
    type: 2}
  m_PrefabInternal: {fileID: 1432837037}
  m_GameObject: {fileID: 1479163601}
  m_LocalRotation: {x: 0, y: 0, z: 0, w: 1}
  m_LocalPosition: {x: 0, y: 0, z: 0}
  m_LocalScale: {x: 1, y: 1, z: 1}
  m_Children: []
  m_Father: {fileID: 60307671}
  m_RootOrder: 9
  m_LocalEulerAnglesHint: {x: 0, y: 0, z: 0}
  m_AnchorMin: {x: 0.5, y: 0.5}
  m_AnchorMax: {x: 0.5, y: 0.5}
  m_AnchoredPosition: {x: -183, y: 176}
  m_SizeDelta: {x: 45, y: 44}
  m_Pivot: {x: 0.5, y: 0.5}
--- !u!114 &1479163603
MonoBehaviour:
  m_ObjectHideFlags: 0
  m_PrefabParentObject: {fileID: 11495106, guid: 9381c105a5f5ce64eb98c7aa64df80ff,
    type: 2}
  m_PrefabInternal: {fileID: 1432837037}
  m_GameObject: {fileID: 1479163601}
  m_Enabled: 1
  m_EditorHideFlags: 0
  m_Script: {fileID: -765806418, guid: f5f67c52d1564df4a8936ccd202a3bd8, type: 3}
  m_Name: 
  m_EditorClassIdentifier: 
  m_Material: {fileID: 0}
  m_Color: {r: 0.5372549, g: 0.6509804, b: 0.5647059, a: 1}
  m_RaycastTarget: 1
  m_OnCullStateChanged:
    m_PersistentCalls:
      m_Calls: []
    m_TypeName: UnityEngine.UI.MaskableGraphic+CullStateChangedEvent, UnityEngine.UI,
      Version=1.0.0.0, Culture=neutral, PublicKeyToken=null
  m_Sprite: {fileID: 21300000, guid: f04f7faa5cfd8444a9b61e426135725f, type: 3}
  m_Type: 0
  m_PreserveAspect: 0
  m_FillCenter: 1
  m_FillMethod: 4
  m_FillAmount: 1
  m_FillClockwise: 1
  m_FillOrigin: 0
--- !u!222 &1479163604
CanvasRenderer:
  m_ObjectHideFlags: 0
  m_PrefabParentObject: {fileID: 22295112, guid: 9381c105a5f5ce64eb98c7aa64df80ff,
    type: 2}
  m_PrefabInternal: {fileID: 1432837037}
  m_GameObject: {fileID: 1479163601}
--- !u!1 &1500371475
GameObject:
  m_ObjectHideFlags: 0
  m_PrefabParentObject: {fileID: 0}
  m_PrefabInternal: {fileID: 0}
  serializedVersion: 5
  m_Component:
  - component: {fileID: 1500371479}
  - component: {fileID: 1500371478}
  - component: {fileID: 1500371477}
  - component: {fileID: 1500371476}
  m_Layer: 0
  m_Name: EventSystem
  m_TagString: Untagged
  m_Icon: {fileID: 0}
  m_NavMeshLayer: 0
  m_StaticEditorFlags: 0
  m_IsActive: 1
--- !u!114 &1500371476
MonoBehaviour:
  m_ObjectHideFlags: 0
  m_PrefabParentObject: {fileID: 0}
  m_PrefabInternal: {fileID: 0}
  m_GameObject: {fileID: 1500371475}
  m_Enabled: 1
  m_EditorHideFlags: 0
  m_Script: {fileID: 1997211142, guid: f5f67c52d1564df4a8936ccd202a3bd8, type: 3}
  m_Name: 
  m_EditorClassIdentifier: 
  m_ForceModuleActive: 0
--- !u!114 &1500371477
MonoBehaviour:
  m_ObjectHideFlags: 0
  m_PrefabParentObject: {fileID: 0}
  m_PrefabInternal: {fileID: 0}
  m_GameObject: {fileID: 1500371475}
  m_Enabled: 1
  m_EditorHideFlags: 0
  m_Script: {fileID: 1077351063, guid: f5f67c52d1564df4a8936ccd202a3bd8, type: 3}
  m_Name: 
  m_EditorClassIdentifier: 
  m_HorizontalAxis: Horizontal
  m_VerticalAxis: Vertical
  m_SubmitButton: Submit
  m_CancelButton: Cancel
  m_InputActionsPerSecond: 10
  m_RepeatDelay: 0.5
  m_ForceModuleActive: 0
--- !u!114 &1500371478
MonoBehaviour:
  m_ObjectHideFlags: 0
  m_PrefabParentObject: {fileID: 0}
  m_PrefabInternal: {fileID: 0}
  m_GameObject: {fileID: 1500371475}
  m_Enabled: 1
  m_EditorHideFlags: 0
  m_Script: {fileID: -619905303, guid: f5f67c52d1564df4a8936ccd202a3bd8, type: 3}
  m_Name: 
  m_EditorClassIdentifier: 
  m_FirstSelected: {fileID: 0}
  m_sendNavigationEvents: 1
  m_DragThreshold: 5
--- !u!4 &1500371479
Transform:
  m_ObjectHideFlags: 0
  m_PrefabParentObject: {fileID: 0}
  m_PrefabInternal: {fileID: 0}
  m_GameObject: {fileID: 1500371475}
  m_LocalRotation: {x: 0, y: 0, z: 0, w: 1}
  m_LocalPosition: {x: 0, y: 0, z: 0}
  m_LocalScale: {x: 1, y: 1, z: 1}
  m_Children: []
  m_Father: {fileID: 0}
  m_RootOrder: 1
  m_LocalEulerAnglesHint: {x: 0, y: 0, z: 0}
--- !u!1 &1511305452
GameObject:
  m_ObjectHideFlags: 0
  m_PrefabParentObject: {fileID: 0}
  m_PrefabInternal: {fileID: 0}
  serializedVersion: 5
  m_Component:
  - component: {fileID: 1511305453}
  m_Layer: 0
  m_Name: __SET_YOUR_GAMESCREEN_TO_640x1136
  m_TagString: Untagged
  m_Icon: {fileID: 0}
  m_NavMeshLayer: 0
  m_StaticEditorFlags: 0
  m_IsActive: 1
--- !u!4 &1511305453
Transform:
  m_ObjectHideFlags: 0
  m_PrefabParentObject: {fileID: 0}
  m_PrefabInternal: {fileID: 0}
  m_GameObject: {fileID: 1511305452}
  m_LocalRotation: {x: 0, y: 0, z: 0, w: 1}
  m_LocalPosition: {x: 494.995, y: 627.74, z: 0}
  m_LocalScale: {x: 1, y: 1, z: 1}
  m_Children: []
  m_Father: {fileID: 0}
  m_RootOrder: 2
  m_LocalEulerAnglesHint: {x: 0, y: 0, z: 0}
--- !u!1 &1513725709
GameObject:
  m_ObjectHideFlags: 0
  m_PrefabParentObject: {fileID: 195142, guid: 9381c105a5f5ce64eb98c7aa64df80ff, type: 2}
  m_PrefabInternal: {fileID: 1432837037}
  serializedVersion: 5
  m_Component:
  - component: {fileID: 1513725710}
  - component: {fileID: 1513725712}
  - component: {fileID: 1513725711}
  m_Layer: 5
  m_Name: Dot
  m_TagString: Untagged
  m_Icon: {fileID: 0}
  m_NavMeshLayer: 0
  m_StaticEditorFlags: 0
  m_IsActive: 1
--- !u!224 &1513725710
RectTransform:
  m_ObjectHideFlags: 0
  m_PrefabParentObject: {fileID: 22495142, guid: 9381c105a5f5ce64eb98c7aa64df80ff,
    type: 2}
  m_PrefabInternal: {fileID: 1432837037}
  m_GameObject: {fileID: 1513725709}
  m_LocalRotation: {x: 0, y: 0, z: 0, w: 1}
  m_LocalPosition: {x: 0, y: 0, z: 0}
  m_LocalScale: {x: 1, y: 1, z: 1}
  m_Children: []
  m_Father: {fileID: 60307671}
  m_RootOrder: 11
  m_LocalEulerAnglesHint: {x: 0, y: 0, z: 0}
  m_AnchorMin: {x: 0.5, y: 0.5}
  m_AnchorMax: {x: 0.5, y: 0.5}
  m_AnchoredPosition: {x: -183, y: -80}
  m_SizeDelta: {x: 45, y: 44}
  m_Pivot: {x: 0.5, y: 0.5}
--- !u!114 &1513725711
MonoBehaviour:
  m_ObjectHideFlags: 0
  m_PrefabParentObject: {fileID: 11495140, guid: 9381c105a5f5ce64eb98c7aa64df80ff,
    type: 2}
  m_PrefabInternal: {fileID: 1432837037}
  m_GameObject: {fileID: 1513725709}
  m_Enabled: 1
  m_EditorHideFlags: 0
  m_Script: {fileID: -765806418, guid: f5f67c52d1564df4a8936ccd202a3bd8, type: 3}
  m_Name: 
  m_EditorClassIdentifier: 
  m_Material: {fileID: 0}
  m_Color: {r: 0.6862745, g: 0.4117647, b: 0.3529412, a: 1}
  m_RaycastTarget: 1
  m_OnCullStateChanged:
    m_PersistentCalls:
      m_Calls: []
    m_TypeName: UnityEngine.UI.MaskableGraphic+CullStateChangedEvent, UnityEngine.UI,
      Version=1.0.0.0, Culture=neutral, PublicKeyToken=null
  m_Sprite: {fileID: 21300000, guid: f04f7faa5cfd8444a9b61e426135725f, type: 3}
  m_Type: 0
  m_PreserveAspect: 0
  m_FillCenter: 1
  m_FillMethod: 4
  m_FillAmount: 1
  m_FillClockwise: 1
  m_FillOrigin: 0
--- !u!222 &1513725712
CanvasRenderer:
  m_ObjectHideFlags: 0
  m_PrefabParentObject: {fileID: 22295144, guid: 9381c105a5f5ce64eb98c7aa64df80ff,
    type: 2}
  m_PrefabInternal: {fileID: 1432837037}
  m_GameObject: {fileID: 1513725709}
--- !u!1 &1573306552
GameObject:
  m_ObjectHideFlags: 0
  m_PrefabParentObject: {fileID: 195112, guid: 9381c105a5f5ce64eb98c7aa64df80ff, type: 2}
  m_PrefabInternal: {fileID: 1432837037}
  serializedVersion: 5
  m_Component:
  - component: {fileID: 1573306553}
  - component: {fileID: 1573306555}
  - component: {fileID: 1573306554}
  m_Layer: 5
  m_Name: Line
  m_TagString: Untagged
  m_Icon: {fileID: 0}
  m_NavMeshLayer: 0
  m_StaticEditorFlags: 0
  m_IsActive: 1
--- !u!224 &1573306553
RectTransform:
  m_ObjectHideFlags: 0
  m_PrefabParentObject: {fileID: 22495112, guid: 9381c105a5f5ce64eb98c7aa64df80ff,
    type: 2}
  m_PrefabInternal: {fileID: 1432837037}
  m_GameObject: {fileID: 1573306552}
  m_LocalRotation: {x: 0, y: 0, z: 0.3826835, w: 0.92387956}
  m_LocalPosition: {x: 0, y: 0, z: 0}
  m_LocalScale: {x: 0.99999994, y: 0.99999994, z: 1}
  m_Children: []
  m_Father: {fileID: 60307671}
  m_RootOrder: 5
  m_LocalEulerAnglesHint: {x: 0, y: 0, z: 0}
  m_AnchorMin: {x: 0.5, y: 0.5}
  m_AnchorMax: {x: 0.5, y: 0.5}
  m_AnchoredPosition: {x: 10, y: -16}
  m_SizeDelta: {x: 10, y: 152.5}
  m_Pivot: {x: 0.5, y: 0.5}
--- !u!114 &1573306554
MonoBehaviour:
  m_ObjectHideFlags: 0
  m_PrefabParentObject: {fileID: 11495108, guid: 9381c105a5f5ce64eb98c7aa64df80ff,
    type: 2}
  m_PrefabInternal: {fileID: 1432837037}
  m_GameObject: {fileID: 1573306552}
  m_Enabled: 1
  m_EditorHideFlags: 0
  m_Script: {fileID: -765806418, guid: f5f67c52d1564df4a8936ccd202a3bd8, type: 3}
  m_Name: 
  m_EditorClassIdentifier: 
  m_Material: {fileID: 0}
  m_Color: {r: 0.8784314, g: 0.72156864, b: 0.52156866, a: 1}
  m_RaycastTarget: 1
  m_OnCullStateChanged:
    m_PersistentCalls:
      m_Calls: []
    m_TypeName: UnityEngine.UI.MaskableGraphic+CullStateChangedEvent, UnityEngine.UI,
      Version=1.0.0.0, Culture=neutral, PublicKeyToken=null
  m_Sprite: {fileID: 21300000, guid: 7ed1238760b863f4aafde32ab3a6f28c, type: 3}
  m_Type: 1
  m_PreserveAspect: 0
  m_FillCenter: 1
  m_FillMethod: 4
  m_FillAmount: 1
  m_FillClockwise: 1
  m_FillOrigin: 0
--- !u!222 &1573306555
CanvasRenderer:
  m_ObjectHideFlags: 0
  m_PrefabParentObject: {fileID: 22295114, guid: 9381c105a5f5ce64eb98c7aa64df80ff,
    type: 2}
  m_PrefabInternal: {fileID: 1432837037}
  m_GameObject: {fileID: 1573306552}
--- !u!1 &1874970649
GameObject:
  m_ObjectHideFlags: 0
  m_PrefabParentObject: {fileID: 195134, guid: 9381c105a5f5ce64eb98c7aa64df80ff, type: 2}
  m_PrefabInternal: {fileID: 1432837037}
  serializedVersion: 5
  m_Component:
  - component: {fileID: 1874970650}
  - component: {fileID: 1874970652}
  - component: {fileID: 1874970651}
  m_Layer: 5
  m_Name: Text
  m_TagString: Untagged
  m_Icon: {fileID: 0}
  m_NavMeshLayer: 0
  m_StaticEditorFlags: 0
  m_IsActive: 1
--- !u!224 &1874970650
RectTransform:
  m_ObjectHideFlags: 0
  m_PrefabParentObject: {fileID: 22495134, guid: 9381c105a5f5ce64eb98c7aa64df80ff,
    type: 2}
  m_PrefabInternal: {fileID: 1432837037}
  m_GameObject: {fileID: 1874970649}
  m_LocalRotation: {x: 0, y: 0, z: 0, w: 1}
  m_LocalPosition: {x: 0, y: 0, z: 0}
  m_LocalScale: {x: 1, y: 1, z: 1}
  m_Children: []
  m_Father: {fileID: 428395271}
  m_RootOrder: 0
  m_LocalEulerAnglesHint: {x: 0, y: 0, z: 0}
  m_AnchorMin: {x: 0.5, y: 0.5}
  m_AnchorMax: {x: 0.5, y: 0.5}
  m_AnchoredPosition: {x: 0, y: -56}
  m_SizeDelta: {x: 284, y: 124}
  m_Pivot: {x: 0.5, y: 0.5}
--- !u!114 &1874970651
MonoBehaviour:
  m_ObjectHideFlags: 0
  m_PrefabParentObject: {fileID: 11495132, guid: 9381c105a5f5ce64eb98c7aa64df80ff,
    type: 2}
  m_PrefabInternal: {fileID: 1432837037}
  m_GameObject: {fileID: 1874970649}
  m_Enabled: 1
  m_EditorHideFlags: 0
  m_Script: {fileID: 708705254, guid: f5f67c52d1564df4a8936ccd202a3bd8, type: 3}
  m_Name: 
  m_EditorClassIdentifier: 
  m_Material: {fileID: 0}
  m_Color: {r: 0.68235296, g: 0.61960787, b: 0.59607846, a: 1}
  m_RaycastTarget: 1
  m_OnCullStateChanged:
    m_PersistentCalls:
      m_Calls: []
    m_TypeName: UnityEngine.UI.MaskableGraphic+CullStateChangedEvent, UnityEngine.UI,
      Version=1.0.0.0, Culture=neutral, PublicKeyToken=null
  m_FontData:
    m_Font: {fileID: 12800000, guid: bd1ea67ca2b5742d1a24fcbdc17c55e1, type: 3}
    m_FontSize: 30
    m_FontStyle: 0
    m_BestFit: 0
    m_MinSize: 10
    m_MaxSize: 40
    m_Alignment: 4
    m_AlignByGeometry: 0
    m_RichText: 1
    m_HorizontalOverflow: 0
    m_VerticalOverflow: 0
    m_LineSpacing: 1
  m_Text: record points
--- !u!222 &1874970652
CanvasRenderer:
  m_ObjectHideFlags: 0
  m_PrefabParentObject: {fileID: 22295136, guid: 9381c105a5f5ce64eb98c7aa64df80ff,
    type: 2}
  m_PrefabInternal: {fileID: 1432837037}
  m_GameObject: {fileID: 1874970649}
--- !u!1 &1894405198
GameObject:
  m_ObjectHideFlags: 0
  m_PrefabParentObject: {fileID: 195116, guid: 9381c105a5f5ce64eb98c7aa64df80ff, type: 2}
  m_PrefabInternal: {fileID: 1432837037}
  serializedVersion: 5
  m_Component:
  - component: {fileID: 1894405199}
  - component: {fileID: 1894405201}
  - component: {fileID: 1894405200}
  m_Layer: 5
  m_Name: Dot
  m_TagString: Untagged
  m_Icon: {fileID: 0}
  m_NavMeshLayer: 0
  m_StaticEditorFlags: 0
  m_IsActive: 1
--- !u!224 &1894405199
RectTransform:
  m_ObjectHideFlags: 0
  m_PrefabParentObject: {fileID: 22495116, guid: 9381c105a5f5ce64eb98c7aa64df80ff,
    type: 2}
  m_PrefabInternal: {fileID: 1432837037}
  m_GameObject: {fileID: 1894405198}
  m_LocalRotation: {x: 0, y: 0, z: 0, w: 1}
  m_LocalPosition: {x: 0, y: 0, z: 0}
  m_LocalScale: {x: 1, y: 1, z: 1}
  m_Children: []
  m_Father: {fileID: 60307671}
  m_RootOrder: 26
  m_LocalEulerAnglesHint: {x: 0, y: 0, z: 0}
  m_AnchorMin: {x: 0.5, y: 0.5}
  m_AnchorMax: {x: 0.5, y: 0.5}
  m_AnchoredPosition: {x: 73, y: 300}
  m_SizeDelta: {x: 45, y: 44}
  m_Pivot: {x: 0.5, y: 0.5}
--- !u!114 &1894405200
MonoBehaviour:
  m_ObjectHideFlags: 0
  m_PrefabParentObject: {fileID: 11495112, guid: 9381c105a5f5ce64eb98c7aa64df80ff,
    type: 2}
  m_PrefabInternal: {fileID: 1432837037}
  m_GameObject: {fileID: 1894405198}
  m_Enabled: 1
  m_EditorHideFlags: 0
  m_Script: {fileID: -765806418, guid: f5f67c52d1564df4a8936ccd202a3bd8, type: 3}
  m_Name: 
  m_EditorClassIdentifier: 
  m_Material: {fileID: 0}
  m_Color: {r: 0.39215687, g: 0.2784314, b: 0.28627452, a: 1}
  m_RaycastTarget: 1
  m_OnCullStateChanged:
    m_PersistentCalls:
      m_Calls: []
    m_TypeName: UnityEngine.UI.MaskableGraphic+CullStateChangedEvent, UnityEngine.UI,
      Version=1.0.0.0, Culture=neutral, PublicKeyToken=null
  m_Sprite: {fileID: 21300000, guid: f04f7faa5cfd8444a9b61e426135725f, type: 3}
  m_Type: 0
  m_PreserveAspect: 0
  m_FillCenter: 1
  m_FillMethod: 4
  m_FillAmount: 1
  m_FillClockwise: 1
  m_FillOrigin: 0
--- !u!222 &1894405201
CanvasRenderer:
  m_ObjectHideFlags: 0
  m_PrefabParentObject: {fileID: 22295118, guid: 9381c105a5f5ce64eb98c7aa64df80ff,
    type: 2}
  m_PrefabInternal: {fileID: 1432837037}
  m_GameObject: {fileID: 1894405198}
--- !u!1 &1909752677
GameObject:
  m_ObjectHideFlags: 0
  m_PrefabParentObject: {fileID: 195150, guid: 9381c105a5f5ce64eb98c7aa64df80ff, type: 2}
  m_PrefabInternal: {fileID: 1432837037}
  serializedVersion: 5
  m_Component:
  - component: {fileID: 1909752678}
  - component: {fileID: 1909752680}
  - component: {fileID: 1909752679}
  m_Layer: 5
  m_Name: Dot
  m_TagString: Untagged
  m_Icon: {fileID: 0}
  m_NavMeshLayer: 0
  m_StaticEditorFlags: 0
  m_IsActive: 1
--- !u!224 &1909752678
RectTransform:
  m_ObjectHideFlags: 0
  m_PrefabParentObject: {fileID: 22495150, guid: 9381c105a5f5ce64eb98c7aa64df80ff,
    type: 2}
  m_PrefabInternal: {fileID: 1432837037}
  m_GameObject: {fileID: 1909752677}
  m_LocalRotation: {x: 0, y: 0, z: 0, w: 1}
  m_LocalPosition: {x: 0, y: 0, z: 0}
  m_LocalScale: {x: 1, y: 1, z: 1}
  m_Children: []
  m_Father: {fileID: 60307671}
  m_RootOrder: 22
  m_LocalEulerAnglesHint: {x: 0, y: 0, z: 0}
  m_AnchorMin: {x: 0.5, y: 0.5}
  m_AnchorMax: {x: 0.5, y: 0.5}
  m_AnchoredPosition: {x: 201, y: -80}
  m_SizeDelta: {x: 45, y: 44}
  m_Pivot: {x: 0.5, y: 0.5}
--- !u!114 &1909752679
MonoBehaviour:
  m_ObjectHideFlags: 0
  m_PrefabParentObject: {fileID: 11495148, guid: 9381c105a5f5ce64eb98c7aa64df80ff,
    type: 2}
  m_PrefabInternal: {fileID: 1432837037}
  m_GameObject: {fileID: 1909752677}
  m_Enabled: 1
  m_EditorHideFlags: 0
  m_Script: {fileID: -765806418, guid: f5f67c52d1564df4a8936ccd202a3bd8, type: 3}
  m_Name: 
  m_EditorClassIdentifier: 
  m_Material: {fileID: 0}
  m_Color: {r: 0.6862745, g: 0.62352943, b: 0.6, a: 1}
  m_RaycastTarget: 1
  m_OnCullStateChanged:
    m_PersistentCalls:
      m_Calls: []
    m_TypeName: UnityEngine.UI.MaskableGraphic+CullStateChangedEvent, UnityEngine.UI,
      Version=1.0.0.0, Culture=neutral, PublicKeyToken=null
  m_Sprite: {fileID: 21300000, guid: f04f7faa5cfd8444a9b61e426135725f, type: 3}
  m_Type: 0
  m_PreserveAspect: 0
  m_FillCenter: 1
  m_FillMethod: 4
  m_FillAmount: 1
  m_FillClockwise: 1
  m_FillOrigin: 0
--- !u!222 &1909752680
CanvasRenderer:
  m_ObjectHideFlags: 0
  m_PrefabParentObject: {fileID: 22295152, guid: 9381c105a5f5ce64eb98c7aa64df80ff,
    type: 2}
  m_PrefabInternal: {fileID: 1432837037}
  m_GameObject: {fileID: 1909752677}
--- !u!1 &1921901560
GameObject:
  m_ObjectHideFlags: 0
  m_PrefabParentObject: {fileID: 195126, guid: 9381c105a5f5ce64eb98c7aa64df80ff, type: 2}
  m_PrefabInternal: {fileID: 1432837037}
  serializedVersion: 5
  m_Component:
  - component: {fileID: 1921901561}
  - component: {fileID: 1921901563}
  - component: {fileID: 1921901562}
  m_Layer: 5
  m_Name: Line
  m_TagString: Untagged
  m_Icon: {fileID: 0}
  m_NavMeshLayer: 0
  m_StaticEditorFlags: 0
  m_IsActive: 1
--- !u!224 &1921901561
RectTransform:
  m_ObjectHideFlags: 0
  m_PrefabParentObject: {fileID: 22495126, guid: 9381c105a5f5ce64eb98c7aa64df80ff,
    type: 2}
  m_PrefabInternal: {fileID: 1432837037}
  m_GameObject: {fileID: 1921901560}
  m_LocalRotation: {x: 0, y: 0, z: 0, w: 1}
  m_LocalPosition: {x: 0, y: 0, z: 0}
  m_LocalScale: {x: 1, y: 1, z: 1}
  m_Children: []
  m_Father: {fileID: 60307671}
  m_RootOrder: 3
  m_LocalEulerAnglesHint: {x: 0, y: 0, z: 0}
  m_AnchorMin: {x: 0.5, y: 0.5}
  m_AnchorMax: {x: 0.5, y: 0.5}
  m_AnchoredPosition: {x: -183, y: -12}
  m_SizeDelta: {x: 10, y: 124}
  m_Pivot: {x: 0.5, y: 0.5}
--- !u!114 &1921901562
MonoBehaviour:
  m_ObjectHideFlags: 0
  m_PrefabParentObject: {fileID: 11495124, guid: 9381c105a5f5ce64eb98c7aa64df80ff,
    type: 2}
  m_PrefabInternal: {fileID: 1432837037}
  m_GameObject: {fileID: 1921901560}
  m_Enabled: 1
  m_EditorHideFlags: 0
  m_Script: {fileID: -765806418, guid: f5f67c52d1564df4a8936ccd202a3bd8, type: 3}
  m_Name: 
  m_EditorClassIdentifier: 
  m_Material: {fileID: 0}
  m_Color: {r: 0.8784314, g: 0.72156864, b: 0.52156866, a: 1}
  m_RaycastTarget: 1
  m_OnCullStateChanged:
    m_PersistentCalls:
      m_Calls: []
    m_TypeName: UnityEngine.UI.MaskableGraphic+CullStateChangedEvent, UnityEngine.UI,
      Version=1.0.0.0, Culture=neutral, PublicKeyToken=null
  m_Sprite: {fileID: 21300000, guid: 7ed1238760b863f4aafde32ab3a6f28c, type: 3}
  m_Type: 1
  m_PreserveAspect: 0
  m_FillCenter: 1
  m_FillMethod: 4
  m_FillAmount: 1
  m_FillClockwise: 1
  m_FillOrigin: 0
--- !u!222 &1921901563
CanvasRenderer:
  m_ObjectHideFlags: 0
  m_PrefabParentObject: {fileID: 22295128, guid: 9381c105a5f5ce64eb98c7aa64df80ff,
    type: 2}
  m_PrefabInternal: {fileID: 1432837037}
  m_GameObject: {fileID: 1921901560}
--- !u!1 &1937910057
GameObject:
  m_ObjectHideFlags: 0
  m_PrefabParentObject: {fileID: 195104, guid: 9381c105a5f5ce64eb98c7aa64df80ff, type: 2}
  m_PrefabInternal: {fileID: 1432837037}
  serializedVersion: 5
  m_Component:
  - component: {fileID: 1937910058}
  - component: {fileID: 1937910060}
  - component: {fileID: 1937910059}
  m_Layer: 5
  m_Name: Dot
  m_TagString: Untagged
  m_Icon: {fileID: 0}
  m_NavMeshLayer: 0
  m_StaticEditorFlags: 0
  m_IsActive: 1
--- !u!224 &1937910058
RectTransform:
  m_ObjectHideFlags: 0
  m_PrefabParentObject: {fileID: 22495104, guid: 9381c105a5f5ce64eb98c7aa64df80ff,
    type: 2}
  m_PrefabInternal: {fileID: 1432837037}
  m_GameObject: {fileID: 1937910057}
  m_LocalRotation: {x: 0, y: 0, z: 0, w: 1}
  m_LocalPosition: {x: 0, y: 0, z: 0}
  m_LocalScale: {x: 1, y: 1, z: 1}
  m_Children: []
  m_Father: {fileID: 60307671}
  m_RootOrder: 19
  m_LocalEulerAnglesHint: {x: 0, y: 0, z: 0}
  m_AnchorMin: {x: 0.5, y: 0.5}
  m_AnchorMax: {x: 0.5, y: 0.5}
  m_AnchoredPosition: {x: -183, y: -208}
  m_SizeDelta: {x: 45, y: 44}
  m_Pivot: {x: 0.5, y: 0.5}
--- !u!114 &1937910059
MonoBehaviour:
  m_ObjectHideFlags: 0
  m_PrefabParentObject: {fileID: 11495100, guid: 9381c105a5f5ce64eb98c7aa64df80ff,
    type: 2}
  m_PrefabInternal: {fileID: 1432837037}
  m_GameObject: {fileID: 1937910057}
  m_Enabled: 1
  m_EditorHideFlags: 0
  m_Script: {fileID: -765806418, guid: f5f67c52d1564df4a8936ccd202a3bd8, type: 3}
  m_Name: 
  m_EditorClassIdentifier: 
  m_Material: {fileID: 0}
  m_Color: {r: 0.6862745, g: 0.4117647, b: 0.3529412, a: 1}
  m_RaycastTarget: 1
  m_OnCullStateChanged:
    m_PersistentCalls:
      m_Calls: []
    m_TypeName: UnityEngine.UI.MaskableGraphic+CullStateChangedEvent, UnityEngine.UI,
      Version=1.0.0.0, Culture=neutral, PublicKeyToken=null
  m_Sprite: {fileID: 21300000, guid: f04f7faa5cfd8444a9b61e426135725f, type: 3}
  m_Type: 0
  m_PreserveAspect: 0
  m_FillCenter: 1
  m_FillMethod: 4
  m_FillAmount: 1
  m_FillClockwise: 1
  m_FillOrigin: 0
--- !u!222 &1937910060
CanvasRenderer:
  m_ObjectHideFlags: 0
  m_PrefabParentObject: {fileID: 22295106, guid: 9381c105a5f5ce64eb98c7aa64df80ff,
    type: 2}
  m_PrefabInternal: {fileID: 1432837037}
  m_GameObject: {fileID: 1937910057}
--- !u!1 &1974267059
GameObject:
  m_ObjectHideFlags: 0
  m_PrefabParentObject: {fileID: 195122, guid: 9381c105a5f5ce64eb98c7aa64df80ff, type: 2}
  m_PrefabInternal: {fileID: 1432837037}
  serializedVersion: 5
  m_Component:
  - component: {fileID: 1974267060}
  - component: {fileID: 1974267062}
  - component: {fileID: 1974267061}
  m_Layer: 5
  m_Name: Dot
  m_TagString: Untagged
  m_Icon: {fileID: 0}
  m_NavMeshLayer: 0
  m_StaticEditorFlags: 0
  m_IsActive: 1
--- !u!224 &1974267060
RectTransform:
  m_ObjectHideFlags: 0
  m_PrefabParentObject: {fileID: 22495122, guid: 9381c105a5f5ce64eb98c7aa64df80ff,
    type: 2}
  m_PrefabInternal: {fileID: 1432837037}
  m_GameObject: {fileID: 1974267059}
  m_LocalRotation: {x: 0, y: 0, z: 0, w: 1}
  m_LocalPosition: {x: 0, y: 0, z: 0}
  m_LocalScale: {x: 1, y: 1, z: 1}
  m_Children: []
  m_Father: {fileID: 60307671}
  m_RootOrder: 13
  m_LocalEulerAnglesHint: {x: 0, y: 0, z: 0}
  m_AnchorMin: {x: 0.5, y: 0.5}
  m_AnchorMax: {x: 0.5, y: 0.5}
  m_AnchoredPosition: {x: -183, y: 48}
  m_SizeDelta: {x: 45, y: 44}
  m_Pivot: {x: 0.5, y: 0.5}
--- !u!114 &1974267061
MonoBehaviour:
  m_ObjectHideFlags: 0
  m_PrefabParentObject: {fileID: 11495120, guid: 9381c105a5f5ce64eb98c7aa64df80ff,
    type: 2}
  m_PrefabInternal: {fileID: 1432837037}
  m_GameObject: {fileID: 1974267059}
  m_Enabled: 1
  m_EditorHideFlags: 0
  m_Script: {fileID: -765806418, guid: f5f67c52d1564df4a8936ccd202a3bd8, type: 3}
  m_Name: 
  m_EditorClassIdentifier: 
  m_Material: {fileID: 0}
  m_Color: {r: 0.6862745, g: 0.4117647, b: 0.3529412, a: 1}
  m_RaycastTarget: 1
  m_OnCullStateChanged:
    m_PersistentCalls:
      m_Calls: []
    m_TypeName: UnityEngine.UI.MaskableGraphic+CullStateChangedEvent, UnityEngine.UI,
      Version=1.0.0.0, Culture=neutral, PublicKeyToken=null
  m_Sprite: {fileID: 21300000, guid: f04f7faa5cfd8444a9b61e426135725f, type: 3}
  m_Type: 0
  m_PreserveAspect: 0
  m_FillCenter: 1
  m_FillMethod: 4
  m_FillAmount: 1
  m_FillClockwise: 1
  m_FillOrigin: 0
--- !u!222 &1974267062
CanvasRenderer:
  m_ObjectHideFlags: 0
  m_PrefabParentObject: {fileID: 22295124, guid: 9381c105a5f5ce64eb98c7aa64df80ff,
    type: 2}
  m_PrefabInternal: {fileID: 1432837037}
  m_GameObject: {fileID: 1974267059}
