%YAML 1.1
%TAG !u! tag:unity3d.com,2011:
--- !u!29 &1
OcclusionCullingSettings:
  m_ObjectHideFlags: 0
  serializedVersion: 2
  m_OcclusionBakeSettings:
    smallestOccluder: 5
    smallestHole: 0.25
    backfaceThreshold: 100
  m_SceneGUID: 00000000000000000000000000000000
  m_OcclusionCullingData: {fileID: 0}
--- !u!104 &2
RenderSettings:
  m_ObjectHideFlags: 0
  serializedVersion: 9
  m_Fog: 0
  m_FogColor: {r: 0.5, g: 0.5, b: 0.5, a: 1}
  m_FogMode: 3
  m_FogDensity: 0.01
  m_LinearFogStart: 0
  m_LinearFogEnd: 300
  m_AmbientSkyColor: {r: 0.212, g: 0.227, b: 0.259, a: 1}
  m_AmbientEquatorColor: {r: 0.114, g: 0.125, b: 0.133, a: 1}
  m_AmbientGroundColor: {r: 0.047, g: 0.043, b: 0.035, a: 1}
  m_AmbientIntensity: 1
  m_AmbientMode: 0
  m_SubtractiveShadowColor: {r: 0.42, g: 0.478, b: 0.627, a: 1}
  m_SkyboxMaterial: {fileID: 10304, guid: 0000000000000000f000000000000000, type: 0}
  m_HaloStrength: 0.5
  m_FlareStrength: 1
  m_FlareFadeSpeed: 3
  m_HaloTexture: {fileID: 0}
  m_SpotCookie: {fileID: 10001, guid: 0000000000000000e000000000000000, type: 0}
  m_DefaultReflectionMode: 0
  m_DefaultReflectionResolution: 128
  m_ReflectionBounces: 1
  m_ReflectionIntensity: 1
  m_CustomReflection: {fileID: 0}
  m_Sun: {fileID: 0}
  m_IndirectSpecularColor: {r: 0, g: 0, b: 0, a: 1}
  m_UseRadianceAmbientProbe: 0
--- !u!157 &4
LightmapSettings:
  m_ObjectHideFlags: 0
  serializedVersion: 11
  m_GIWorkflowMode: 0
  m_GISettings:
    serializedVersion: 2
    m_BounceScale: 1
    m_IndirectOutputScale: 1
    m_AlbedoBoost: 1
    m_TemporalCoherenceThreshold: 1
    m_EnvironmentLightingMode: 0
    m_EnableBakedLightmaps: 1
    m_EnableRealtimeLightmaps: 1
  m_LightmapEditorSettings:
    serializedVersion: 10
    m_Resolution: 2
    m_BakeResolution: 40
    m_AtlasSize: 1024
    m_AO: 0
    m_AOMaxDistance: 1
    m_CompAOExponent: 0
    m_CompAOExponentDirect: 0
    m_Padding: 2
    m_LightmapParameters: {fileID: 0}
    m_LightmapsBakeMode: 1
    m_TextureCompression: 1
    m_FinalGather: 0
    m_FinalGatherFiltering: 1
    m_FinalGatherRayCount: 1024
    m_ReflectionCompression: 2
    m_MixedBakeMode: 1
    m_BakeBackend: 0
    m_PVRSampling: 1
    m_PVRDirectSampleCount: 32
    m_PVRSampleCount: 500
    m_PVRBounces: 2
    m_PVRFilterTypeDirect: 0
    m_PVRFilterTypeIndirect: 0
    m_PVRFilterTypeAO: 0
    m_PVRFilteringMode: 0
    m_PVRCulling: 1
    m_PVRFilteringGaussRadiusDirect: 1
    m_PVRFilteringGaussRadiusIndirect: 5
    m_PVRFilteringGaussRadiusAO: 2
    m_PVRFilteringAtrousPositionSigmaDirect: 0.5
    m_PVRFilteringAtrousPositionSigmaIndirect: 2
    m_PVRFilteringAtrousPositionSigmaAO: 1
    m_ShowResolutionOverlay: 1
  m_LightingDataAsset: {fileID: 0}
  m_UseShadowmask: 0
--- !u!196 &5
NavMeshSettings:
  serializedVersion: 2
  m_ObjectHideFlags: 0
  m_BuildSettings:
    serializedVersion: 2
    agentTypeID: 0
    agentRadius: 0.5
    agentHeight: 2
    agentSlope: 45
    agentClimb: 0.4
    ledgeDropHeight: 0
    maxJumpAcrossDistance: 0
    minRegionArea: 2
    manualCellSize: 0
    cellSize: 0.16666667
    manualTileSize: 0
    tileSize: 256
    accuratePlacement: 0
    debug:
      m_Flags: 0
  m_NavMeshData: {fileID: 0}
--- !u!1 &18881589
GameObject:
  m_ObjectHideFlags: 0
  m_PrefabParentObject: {fileID: 171096, guid: b3dbb53f58b6d044a88fa41047008e13, type: 2}
  m_PrefabInternal: {fileID: 1308877376}
  serializedVersion: 5
  m_Component:
  - component: {fileID: 18881590}
  - component: {fileID: 18881592}
  - component: {fileID: 18881591}
  m_Layer: 5
  m_Name: Blocks 15
  m_TagString: Untagged
  m_Icon: {fileID: 0}
  m_NavMeshLayer: 0
  m_StaticEditorFlags: 0
  m_IsActive: 1
--- !u!224 &18881590
RectTransform:
  m_ObjectHideFlags: 0
  m_PrefabParentObject: {fileID: 22483816, guid: b3dbb53f58b6d044a88fa41047008e13,
    type: 2}
  m_PrefabInternal: {fileID: 1308877376}
  m_GameObject: {fileID: 18881589}
  m_LocalRotation: {x: 0, y: 0, z: 0, w: 1}
  m_LocalPosition: {x: 0, y: 0, z: 0}
  m_LocalScale: {x: 1, y: 1, z: 1}
  m_Children: []
  m_Father: {fileID: 825295970}
  m_RootOrder: 29
  m_LocalEulerAnglesHint: {x: 0, y: 0, z: 0}
  m_AnchorMin: {x: 0.5, y: 0.5}
  m_AnchorMax: {x: 0.5, y: 0.5}
  m_AnchoredPosition: {x: 674, y: -390}
  m_SizeDelta: {x: 192, y: 100}
  m_Pivot: {x: 0.5, y: 0.5}
--- !u!114 &18881591
MonoBehaviour:
  m_ObjectHideFlags: 0
  m_PrefabParentObject: {fileID: 11449962, guid: b3dbb53f58b6d044a88fa41047008e13,
    type: 2}
  m_PrefabInternal: {fileID: 1308877376}
  m_GameObject: {fileID: 18881589}
  m_Enabled: 1
  m_EditorHideFlags: 0
  m_Script: {fileID: -765806418, guid: f5f67c52d1564df4a8936ccd202a3bd8, type: 3}
  m_Name: 
  m_EditorClassIdentifier: 
  m_Material: {fileID: 0}
  m_Color: {r: 0.02745098, g: 0.4862745, b: 0.32941177, a: 1}
  m_RaycastTarget: 1
  m_OnCullStateChanged:
    m_PersistentCalls:
      m_Calls: []
    m_TypeName: UnityEngine.UI.MaskableGraphic+CullStateChangedEvent, UnityEngine.UI,
      Version=1.0.0.0, Culture=neutral, PublicKeyToken=null
  m_Sprite: {fileID: 21300000, guid: 7ed1238760b863f4aafde32ab3a6f28c, type: 3}
  m_Type: 1
  m_PreserveAspect: 0
  m_FillCenter: 1
  m_FillMethod: 4
  m_FillAmount: 1
  m_FillClockwise: 1
  m_FillOrigin: 0
--- !u!222 &18881592
CanvasRenderer:
  m_ObjectHideFlags: 0
  m_PrefabParentObject: {fileID: 22285076, guid: b3dbb53f58b6d044a88fa41047008e13,
    type: 2}
  m_PrefabInternal: {fileID: 1308877376}
  m_GameObject: {fileID: 18881589}
--- !u!1 &39182746
GameObject:
  m_ObjectHideFlags: 0
  m_PrefabParentObject: {fileID: 186046, guid: b3dbb53f58b6d044a88fa41047008e13, type: 2}
  m_PrefabInternal: {fileID: 1308877376}
  serializedVersion: 5
  m_Component:
  - component: {fileID: 39182750}
  - component: {fileID: 39182749}
  - component: {fileID: 39182748}
  - component: {fileID: 39182747}
  m_Layer: 5
  m_Name: GameTablet_3
  m_TagString: Untagged
  m_Icon: {fileID: 0}
  m_NavMeshLayer: 0
  m_StaticEditorFlags: 0
  m_IsActive: 1
--- !u!114 &39182747
MonoBehaviour:
  m_ObjectHideFlags: 0
  m_PrefabParentObject: {fileID: 11408402, guid: b3dbb53f58b6d044a88fa41047008e13,
    type: 2}
  m_PrefabInternal: {fileID: 1308877376}
  m_GameObject: {fileID: 39182746}
  m_Enabled: 1
  m_EditorHideFlags: 0
  m_Script: {fileID: 1301386320, guid: f5f67c52d1564df4a8936ccd202a3bd8, type: 3}
  m_Name: 
  m_EditorClassIdentifier: 
  m_IgnoreReversedGraphics: 1
  m_BlockingObjects: 0
  m_BlockingMask:
    serializedVersion: 2
    m_Bits: 4294967295
--- !u!114 &39182748
MonoBehaviour:
  m_ObjectHideFlags: 0
  m_PrefabParentObject: {fileID: 11463060, guid: b3dbb53f58b6d044a88fa41047008e13,
    type: 2}
  m_PrefabInternal: {fileID: 1308877376}
  m_GameObject: {fileID: 39182746}
  m_Enabled: 1
  m_EditorHideFlags: 0
  m_Script: {fileID: 1980459831, guid: f5f67c52d1564df4a8936ccd202a3bd8, type: 3}
  m_Name: 
  m_EditorClassIdentifier: 
  m_UiScaleMode: 1
  m_ReferencePixelsPerUnit: 100
  m_ScaleFactor: 1
  m_ReferenceResolution: {x: 1920, y: 1080}
  m_ScreenMatchMode: 0
  m_MatchWidthOrHeight: 0
  m_PhysicalUnit: 3
  m_FallbackScreenDPI: 96
  m_DefaultSpriteDPI: 96
  m_DynamicPixelsPerUnit: 1
--- !u!223 &39182749
Canvas:
  m_ObjectHideFlags: 0
  m_PrefabParentObject: {fileID: 22304148, guid: b3dbb53f58b6d044a88fa41047008e13,
    type: 2}
  m_PrefabInternal: {fileID: 1308877376}
  m_GameObject: {fileID: 39182746}
  m_Enabled: 1
  serializedVersion: 3
  m_RenderMode: 0
  m_Camera: {fileID: 0}
  m_PlaneDistance: 100
  m_PixelPerfect: 1
  m_ReceivesEvents: 1
  m_OverrideSorting: 0
  m_OverridePixelPerfect: 0
  m_SortingBucketNormalizedSize: 0
  m_AdditionalShaderChannelsFlag: 25
  m_SortingLayerID: 0
  m_SortingOrder: 0
  m_TargetDisplay: 0
--- !u!224 &39182750
RectTransform:
  m_ObjectHideFlags: 0
  m_PrefabParentObject: {fileID: 22462598, guid: b3dbb53f58b6d044a88fa41047008e13,
    type: 2}
  m_PrefabInternal: {fileID: 1308877376}
  m_GameObject: {fileID: 39182746}
  m_LocalRotation: {x: 0, y: 0, z: 0, w: 1}
  m_LocalPosition: {x: 0, y: 0, z: 0}
  m_LocalScale: {x: 0, y: 0, z: 0}
  m_Children:
  - {fileID: 902228095}
  - {fileID: 825295970}
  m_Father: {fileID: 0}
  m_RootOrder: 0
  m_LocalEulerAnglesHint: {x: 0, y: 0, z: 0}
  m_AnchorMin: {x: 0, y: 0}
  m_AnchorMax: {x: 0, y: 0}
  m_AnchoredPosition: {x: 0, y: 0}
  m_SizeDelta: {x: 0, y: 0}
  m_Pivot: {x: 0, y: 0}
--- !u!1 &93888971
GameObject:
  m_ObjectHideFlags: 0
  m_PrefabParentObject: {fileID: 197878, guid: b3dbb53f58b6d044a88fa41047008e13, type: 2}
  m_PrefabInternal: {fileID: 1308877376}
  serializedVersion: 5
  m_Component:
  - component: {fileID: 93888972}
  - component: {fileID: 93888974}
  - component: {fileID: 93888973}
  m_Layer: 5
  m_Name: Blocks
  m_TagString: Untagged
  m_Icon: {fileID: 0}
  m_NavMeshLayer: 0
  m_StaticEditorFlags: 0
  m_IsActive: 1
--- !u!224 &93888972
RectTransform:
  m_ObjectHideFlags: 0
  m_PrefabParentObject: {fileID: 22465640, guid: b3dbb53f58b6d044a88fa41047008e13,
    type: 2}
  m_PrefabInternal: {fileID: 1308877376}
  m_GameObject: {fileID: 93888971}
  m_LocalRotation: {x: 0, y: 0, z: 0, w: 1}
  m_LocalPosition: {x: 0, y: 0, z: 0}
  m_LocalScale: {x: 1, y: 1, z: 1}
  m_Children: []
  m_Father: {fileID: 825295970}
  m_RootOrder: 9
  m_LocalEulerAnglesHint: {x: 0, y: 0, z: 0}
  m_AnchorMin: {x: 0.5, y: 0.5}
  m_AnchorMax: {x: 0.5, y: 0.5}
  m_AnchoredPosition: {x: -479.8, y: 10}
  m_SizeDelta: {x: 193.6, y: 100}
  m_Pivot: {x: 0.5, y: 0.5}
--- !u!114 &93888973
MonoBehaviour:
  m_ObjectHideFlags: 0
  m_PrefabParentObject: {fileID: 11470678, guid: b3dbb53f58b6d044a88fa41047008e13,
    type: 2}
  m_PrefabInternal: {fileID: 1308877376}
  m_GameObject: {fileID: 93888971}
  m_Enabled: 1
  m_EditorHideFlags: 0
  m_Script: {fileID: -765806418, guid: f5f67c52d1564df4a8936ccd202a3bd8, type: 3}
  m_Name: 
  m_EditorClassIdentifier: 
  m_Material: {fileID: 0}
  m_Color: {r: 0, g: 0.8, b: 0.3764706, a: 1}
  m_RaycastTarget: 1
  m_OnCullStateChanged:
    m_PersistentCalls:
      m_Calls: []
    m_TypeName: UnityEngine.UI.MaskableGraphic+CullStateChangedEvent, UnityEngine.UI,
      Version=1.0.0.0, Culture=neutral, PublicKeyToken=null
  m_Sprite: {fileID: 21300000, guid: 7ed1238760b863f4aafde32ab3a6f28c, type: 3}
  m_Type: 1
  m_PreserveAspect: 0
  m_FillCenter: 1
  m_FillMethod: 4
  m_FillAmount: 1
  m_FillClockwise: 1
  m_FillOrigin: 0
--- !u!222 &93888974
CanvasRenderer:
  m_ObjectHideFlags: 0
  m_PrefabParentObject: {fileID: 22255662, guid: b3dbb53f58b6d044a88fa41047008e13,
    type: 2}
  m_PrefabInternal: {fileID: 1308877376}
  m_GameObject: {fileID: 93888971}
--- !u!1 &101230169
GameObject:
  m_ObjectHideFlags: 0
  m_PrefabParentObject: {fileID: 142464, guid: b3dbb53f58b6d044a88fa41047008e13, type: 2}
  m_PrefabInternal: {fileID: 1308877376}
  serializedVersion: 5
  m_Component:
  - component: {fileID: 101230170}
  - component: {fileID: 101230172}
  - component: {fileID: 101230171}
  m_Layer: 5
  m_Name: Text
  m_TagString: Untagged
  m_Icon: {fileID: 0}
  m_NavMeshLayer: 0
  m_StaticEditorFlags: 0
  m_IsActive: 1
--- !u!224 &101230170
RectTransform:
  m_ObjectHideFlags: 0
  m_PrefabParentObject: {fileID: 22494060, guid: b3dbb53f58b6d044a88fa41047008e13,
    type: 2}
  m_PrefabInternal: {fileID: 1308877376}
  m_GameObject: {fileID: 101230169}
  m_LocalRotation: {x: 0, y: 0, z: 0, w: 1}
  m_LocalPosition: {x: 0, y: 0, z: 0}
  m_LocalScale: {x: 1, y: 1, z: 1}
  m_Children: []
  m_Father: {fileID: 763157076}
  m_RootOrder: 0
  m_LocalEulerAnglesHint: {x: 0, y: 0, z: 0}
  m_AnchorMin: {x: 0.5, y: 0.5}
  m_AnchorMax: {x: 0.5, y: 0.5}
  m_AnchoredPosition: {x: 749, y: 85}
  m_SizeDelta: {x: 388, y: 192}
  m_Pivot: {x: 0.5, y: 0.5}
--- !u!114 &101230171
MonoBehaviour:
  m_ObjectHideFlags: 0
  m_PrefabParentObject: {fileID: 11490428, guid: b3dbb53f58b6d044a88fa41047008e13,
    type: 2}
  m_PrefabInternal: {fileID: 1308877376}
  m_GameObject: {fileID: 101230169}
  m_Enabled: 1
  m_EditorHideFlags: 0
  m_Script: {fileID: 708705254, guid: f5f67c52d1564df4a8936ccd202a3bd8, type: 3}
  m_Name: 
  m_EditorClassIdentifier: 
  m_Material: {fileID: 0}
  m_Color: {r: 0.9529412, g: 0.9019608, b: 0.76862746, a: 1}
  m_RaycastTarget: 1
  m_OnCullStateChanged:
    m_PersistentCalls:
      m_Calls: []
    m_TypeName: UnityEngine.UI.MaskableGraphic+CullStateChangedEvent, UnityEngine.UI,
      Version=1.0.0.0, Culture=neutral, PublicKeyToken=null
  m_FontData:
    m_Font: {fileID: 12800000, guid: bd1ea67ca2b5742d1a24fcbdc17c55e1, type: 3}
    m_FontSize: 50
    m_FontStyle: 0
    m_BestFit: 0
    m_MinSize: 10
    m_MaxSize: 50
    m_Alignment: 4
    m_AlignByGeometry: 0
    m_RichText: 1
    m_HorizontalOverflow: 0
    m_VerticalOverflow: 0
    m_LineSpacing: 1
  m_Text: Map 3
--- !u!222 &101230172
CanvasRenderer:
  m_ObjectHideFlags: 0
  m_PrefabParentObject: {fileID: 22243818, guid: b3dbb53f58b6d044a88fa41047008e13,
    type: 2}
  m_PrefabInternal: {fileID: 1308877376}
  m_GameObject: {fileID: 101230169}
--- !u!1 &195928654
GameObject:
  m_ObjectHideFlags: 0
  m_PrefabParentObject: {fileID: 194418, guid: b3dbb53f58b6d044a88fa41047008e13, type: 2}
  m_PrefabInternal: {fileID: 1308877376}
  serializedVersion: 5
  m_Component:
  - component: {fileID: 195928655}
  - component: {fileID: 195928657}
  - component: {fileID: 195928656}
  m_Layer: 5
  m_Name: Blocks
  m_TagString: Untagged
  m_Icon: {fileID: 0}
  m_NavMeshLayer: 0
  m_StaticEditorFlags: 0
  m_IsActive: 1
--- !u!224 &195928655
RectTransform:
  m_ObjectHideFlags: 0
  m_PrefabParentObject: {fileID: 22466180, guid: b3dbb53f58b6d044a88fa41047008e13,
    type: 2}
  m_PrefabInternal: {fileID: 1308877376}
  m_GameObject: {fileID: 195928654}
  m_LocalRotation: {x: 0, y: 0, z: 0, w: 1}
  m_LocalPosition: {x: 0, y: 0, z: 0}
  m_LocalScale: {x: 1, y: 1, z: 1}
  m_Children: []
  m_Father: {fileID: 825295970}
  m_RootOrder: 13
  m_LocalEulerAnglesHint: {x: 0, y: 0, z: 0}
  m_AnchorMin: {x: 0.5, y: 0.5}
  m_AnchorMax: {x: 0.5, y: 0.5}
  m_AnchoredPosition: {x: -864, y: -290}
  m_SizeDelta: {x: 192, y: 100}
  m_Pivot: {x: 0.5, y: 0.5}
--- !u!114 &195928656
MonoBehaviour:
  m_ObjectHideFlags: 0
  m_PrefabParentObject: {fileID: 11436682, guid: b3dbb53f58b6d044a88fa41047008e13,
    type: 2}
  m_PrefabInternal: {fileID: 1308877376}
  m_GameObject: {fileID: 195928654}
  m_Enabled: 1
  m_EditorHideFlags: 0
  m_Script: {fileID: -765806418, guid: f5f67c52d1564df4a8936ccd202a3bd8, type: 3}
  m_Name: 
  m_EditorClassIdentifier: 
  m_Material: {fileID: 0}
  m_Color: {r: 0, g: 0.7372549, b: 0.37254903, a: 1}
  m_RaycastTarget: 1
  m_OnCullStateChanged:
    m_PersistentCalls:
      m_Calls: []
    m_TypeName: UnityEngine.UI.MaskableGraphic+CullStateChangedEvent, UnityEngine.UI,
      Version=1.0.0.0, Culture=neutral, PublicKeyToken=null
  m_Sprite: {fileID: 21300000, guid: 7ed1238760b863f4aafde32ab3a6f28c, type: 3}
  m_Type: 1
  m_PreserveAspect: 0
  m_FillCenter: 1
  m_FillMethod: 4
  m_FillAmount: 1
  m_FillClockwise: 1
  m_FillOrigin: 0
--- !u!222 &195928657
CanvasRenderer:
  m_ObjectHideFlags: 0
  m_PrefabParentObject: {fileID: 22257598, guid: b3dbb53f58b6d044a88fa41047008e13,
    type: 2}
  m_PrefabInternal: {fileID: 1308877376}
  m_GameObject: {fileID: 195928654}
--- !u!1 &270294115
GameObject:
  m_ObjectHideFlags: 0
  m_PrefabParentObject: {fileID: 152710, guid: b3dbb53f58b6d044a88fa41047008e13, type: 2}
  m_PrefabInternal: {fileID: 1308877376}
  serializedVersion: 5
  m_Component:
  - component: {fileID: 270294116}
  - component: {fileID: 270294118}
  - component: {fileID: 270294117}
  m_Layer: 5
  m_Name: Blocks 8
  m_TagString: Untagged
  m_Icon: {fileID: 0}
  m_NavMeshLayer: 0
  m_StaticEditorFlags: 0
  m_IsActive: 1
--- !u!224 &270294116
RectTransform:
  m_ObjectHideFlags: 0
  m_PrefabParentObject: {fileID: 22488970, guid: b3dbb53f58b6d044a88fa41047008e13,
    type: 2}
  m_PrefabInternal: {fileID: 1308877376}
  m_GameObject: {fileID: 270294115}
  m_LocalRotation: {x: 0, y: 0, z: 0, w: 1}
  m_LocalPosition: {x: 0, y: 0, z: 0}
  m_LocalScale: {x: 1, y: 1, z: 1}
  m_Children: []
  m_Father: {fileID: 825295970}
  m_RootOrder: 22
  m_LocalEulerAnglesHint: {x: 0, y: 0, z: 0}
  m_AnchorMin: {x: 0.5, y: 0.5}
  m_AnchorMax: {x: 0.5, y: 0.5}
  m_AnchoredPosition: {x: -95, y: -390}
  m_SizeDelta: {x: 192, y: 100}
  m_Pivot: {x: 0.5, y: 0.5}
--- !u!114 &270294117
MonoBehaviour:
  m_ObjectHideFlags: 0
  m_PrefabParentObject: {fileID: 11498850, guid: b3dbb53f58b6d044a88fa41047008e13,
    type: 2}
  m_PrefabInternal: {fileID: 1308877376}
  m_GameObject: {fileID: 270294115}
  m_Enabled: 1
  m_EditorHideFlags: 0
  m_Script: {fileID: -765806418, guid: f5f67c52d1564df4a8936ccd202a3bd8, type: 3}
  m_Name: 
  m_EditorClassIdentifier: 
  m_Material: {fileID: 0}
  m_Color: {r: 0.02745098, g: 0.4862745, b: 0.32941177, a: 1}
  m_RaycastTarget: 1
  m_OnCullStateChanged:
    m_PersistentCalls:
      m_Calls: []
    m_TypeName: UnityEngine.UI.MaskableGraphic+CullStateChangedEvent, UnityEngine.UI,
      Version=1.0.0.0, Culture=neutral, PublicKeyToken=null
  m_Sprite: {fileID: 21300000, guid: 7ed1238760b863f4aafde32ab3a6f28c, type: 3}
  m_Type: 1
  m_PreserveAspect: 0
  m_FillCenter: 1
  m_FillMethod: 4
  m_FillAmount: 1
  m_FillClockwise: 1
  m_FillOrigin: 0
--- !u!222 &270294118
CanvasRenderer:
  m_ObjectHideFlags: 0
  m_PrefabParentObject: {fileID: 22246740, guid: b3dbb53f58b6d044a88fa41047008e13,
    type: 2}
  m_PrefabInternal: {fileID: 1308877376}
  m_GameObject: {fileID: 270294115}
--- !u!1 &344384502
GameObject:
  m_ObjectHideFlags: 0
  m_PrefabParentObject: {fileID: 157436, guid: b3dbb53f58b6d044a88fa41047008e13, type: 2}
  m_PrefabInternal: {fileID: 1308877376}
  serializedVersion: 5
  m_Component:
  - component: {fileID: 344384503}
  - component: {fileID: 344384505}
  - component: {fileID: 344384504}
  m_Layer: 5
  m_Name: Blocks 1
  m_TagString: Untagged
  m_Icon: {fileID: 0}
  m_NavMeshLayer: 0
  m_StaticEditorFlags: 0
  m_IsActive: 1
--- !u!224 &344384503
RectTransform:
  m_ObjectHideFlags: 0
  m_PrefabParentObject: {fileID: 22483318, guid: b3dbb53f58b6d044a88fa41047008e13,
    type: 2}
  m_PrefabInternal: {fileID: 1308877376}
  m_GameObject: {fileID: 344384502}
  m_LocalRotation: {x: 0, y: 0, z: 0, w: 1}
  m_LocalPosition: {x: 0, y: 0, z: 0}
  m_LocalScale: {x: 1, y: 1, z: 1}
  m_Children: []
  m_Father: {fileID: 825295970}
  m_RootOrder: 15
  m_LocalEulerAnglesHint: {x: 0, y: 0, z: 0}
  m_AnchorMin: {x: 0.5, y: 0.5}
  m_AnchorMax: {x: 0.5, y: 0.5}
  m_AnchoredPosition: {x: -287, y: -390}
  m_SizeDelta: {x: 192, y: 100}
  m_Pivot: {x: 0.5, y: 0.5}
--- !u!114 &344384504
MonoBehaviour:
  m_ObjectHideFlags: 0
  m_PrefabParentObject: {fileID: 11477782, guid: b3dbb53f58b6d044a88fa41047008e13,
    type: 2}
  m_PrefabInternal: {fileID: 1308877376}
  m_GameObject: {fileID: 344384502}
  m_Enabled: 1
  m_EditorHideFlags: 0
  m_Script: {fileID: -765806418, guid: f5f67c52d1564df4a8936ccd202a3bd8, type: 3}
  m_Name: 
  m_EditorClassIdentifier: 
  m_Material: {fileID: 0}
  m_Color: {r: 0, g: 0.6784314, b: 0.36078432, a: 1}
  m_RaycastTarget: 1
  m_OnCullStateChanged:
    m_PersistentCalls:
      m_Calls: []
    m_TypeName: UnityEngine.UI.MaskableGraphic+CullStateChangedEvent, UnityEngine.UI,
      Version=1.0.0.0, Culture=neutral, PublicKeyToken=null
  m_Sprite: {fileID: 21300000, guid: 7ed1238760b863f4aafde32ab3a6f28c, type: 3}
  m_Type: 1
  m_PreserveAspect: 0
  m_FillCenter: 1
  m_FillMethod: 4
  m_FillAmount: 1
  m_FillClockwise: 1
  m_FillOrigin: 0
--- !u!222 &344384505
CanvasRenderer:
  m_ObjectHideFlags: 0
  m_PrefabParentObject: {fileID: 22210778, guid: b3dbb53f58b6d044a88fa41047008e13,
    type: 2}
  m_PrefabInternal: {fileID: 1308877376}
  m_GameObject: {fileID: 344384502}
--- !u!1 &364982807
GameObject:
  m_ObjectHideFlags: 0
  m_PrefabParentObject: {fileID: 178672, guid: b3dbb53f58b6d044a88fa41047008e13, type: 2}
  m_PrefabInternal: {fileID: 1308877376}
  serializedVersion: 5
  m_Component:
  - component: {fileID: 364982808}
  - component: {fileID: 364982810}
  - component: {fileID: 364982809}
  m_Layer: 5
  m_Name: Wave
  m_TagString: Untagged
  m_Icon: {fileID: 0}
  m_NavMeshLayer: 0
  m_StaticEditorFlags: 0
  m_IsActive: 1
--- !u!224 &364982808
RectTransform:
  m_ObjectHideFlags: 0
  m_PrefabParentObject: {fileID: 22486022, guid: b3dbb53f58b6d044a88fa41047008e13,
    type: 2}
  m_PrefabInternal: {fileID: 1308877376}
  m_GameObject: {fileID: 364982807}
  m_LocalRotation: {x: 0, y: 0, z: 0, w: 1}
  m_LocalPosition: {x: 0, y: 0, z: 0}
  m_LocalScale: {x: 1, y: 1, z: 1}
  m_Children: []
  m_Father: {fileID: 825295970}
  m_RootOrder: 1
  m_LocalEulerAnglesHint: {x: 0, y: 0, z: 0}
  m_AnchorMin: {x: 0.5, y: 0.5}
  m_AnchorMax: {x: 0.5, y: 0.5}
  m_AnchoredPosition: {x: -672, y: 0}
  m_SizeDelta: {x: 192, y: 1081}
  m_Pivot: {x: 0.5, y: 0.5}
--- !u!114 &364982809
MonoBehaviour:
  m_ObjectHideFlags: 0
  m_PrefabParentObject: {fileID: 11420096, guid: b3dbb53f58b6d044a88fa41047008e13,
    type: 2}
  m_PrefabInternal: {fileID: 1308877376}
  m_GameObject: {fileID: 364982807}
  m_Enabled: 1
  m_EditorHideFlags: 0
  m_Script: {fileID: -765806418, guid: f5f67c52d1564df4a8936ccd202a3bd8, type: 3}
  m_Name: 
  m_EditorClassIdentifier: 
  m_Material: {fileID: 0}
  m_Color: {r: 0.43382353, g: 0.43382353, b: 0.43382353, a: 0.5372549}
  m_RaycastTarget: 1
  m_OnCullStateChanged:
    m_PersistentCalls:
      m_Calls: []
    m_TypeName: UnityEngine.UI.MaskableGraphic+CullStateChangedEvent, UnityEngine.UI,
      Version=1.0.0.0, Culture=neutral, PublicKeyToken=null
  m_Sprite: {fileID: 21300000, guid: 7ed1238760b863f4aafde32ab3a6f28c, type: 3}
  m_Type: 1
  m_PreserveAspect: 0
  m_FillCenter: 1
  m_FillMethod: 4
  m_FillAmount: 1
  m_FillClockwise: 1
  m_FillOrigin: 0
--- !u!222 &364982810
CanvasRenderer:
  m_ObjectHideFlags: 0
  m_PrefabParentObject: {fileID: 22237538, guid: b3dbb53f58b6d044a88fa41047008e13,
    type: 2}
  m_PrefabInternal: {fileID: 1308877376}
  m_GameObject: {fileID: 364982807}
--- !u!1 &493517952
GameObject:
  m_ObjectHideFlags: 0
  m_PrefabParentObject: {fileID: 185350, guid: b3dbb53f58b6d044a88fa41047008e13, type: 2}
  m_PrefabInternal: {fileID: 1308877376}
  serializedVersion: 5
  m_Component:
  - component: {fileID: 493517953}
  - component: {fileID: 493517955}
  - component: {fileID: 493517954}
  m_Layer: 5
  m_Name: Blocks
  m_TagString: Untagged
  m_Icon: {fileID: 0}
  m_NavMeshLayer: 0
  m_StaticEditorFlags: 0
  m_IsActive: 1
--- !u!224 &493517953
RectTransform:
  m_ObjectHideFlags: 0
  m_PrefabParentObject: {fileID: 22494312, guid: b3dbb53f58b6d044a88fa41047008e13,
    type: 2}
  m_PrefabInternal: {fileID: 1308877376}
  m_GameObject: {fileID: 493517952}
  m_LocalRotation: {x: 0, y: 0, z: 0, w: 1}
  m_LocalPosition: {x: 0, y: 0, z: 0}
  m_LocalScale: {x: 1, y: 1, z: 1}
  m_Children: []
  m_Father: {fileID: 825295970}
  m_RootOrder: 6
  m_LocalEulerAnglesHint: {x: 0, y: 0, z: 0}
  m_AnchorMin: {x: 0.5, y: 0.5}
  m_AnchorMax: {x: 0.5, y: 0.5}
  m_AnchoredPosition: {x: -479.8, y: -290}
  m_SizeDelta: {x: 193.6, y: 100}
  m_Pivot: {x: 0.5, y: 0.5}
--- !u!114 &493517954
MonoBehaviour:
  m_ObjectHideFlags: 0
  m_PrefabParentObject: {fileID: 11478682, guid: b3dbb53f58b6d044a88fa41047008e13,
    type: 2}
  m_PrefabInternal: {fileID: 1308877376}
  m_GameObject: {fileID: 493517952}
  m_Enabled: 1
  m_EditorHideFlags: 0
  m_Script: {fileID: -765806418, guid: f5f67c52d1564df4a8936ccd202a3bd8, type: 3}
  m_Name: 
  m_EditorClassIdentifier: 
  m_Material: {fileID: 0}
  m_Color: {r: 0, g: 0.54901963, b: 0.3372549, a: 1}
  m_RaycastTarget: 1
  m_OnCullStateChanged:
    m_PersistentCalls:
      m_Calls: []
    m_TypeName: UnityEngine.UI.MaskableGraphic+CullStateChangedEvent, UnityEngine.UI,
      Version=1.0.0.0, Culture=neutral, PublicKeyToken=null
  m_Sprite: {fileID: 21300000, guid: 7ed1238760b863f4aafde32ab3a6f28c, type: 3}
  m_Type: 1
  m_PreserveAspect: 0
  m_FillCenter: 1
  m_FillMethod: 4
  m_FillAmount: 1
  m_FillClockwise: 1
  m_FillOrigin: 0
--- !u!222 &493517955
CanvasRenderer:
  m_ObjectHideFlags: 0
  m_PrefabParentObject: {fileID: 22241110, guid: b3dbb53f58b6d044a88fa41047008e13,
    type: 2}
  m_PrefabInternal: {fileID: 1308877376}
  m_GameObject: {fileID: 493517952}
--- !u!1 &588510593
GameObject:
  m_ObjectHideFlags: 0
  m_PrefabParentObject: {fileID: 163624, guid: b3dbb53f58b6d044a88fa41047008e13, type: 2}
  m_PrefabInternal: {fileID: 1308877376}
  serializedVersion: 5
  m_Component:
  - component: {fileID: 588510594}
  - component: {fileID: 588510596}
  - component: {fileID: 588510595}
  m_Layer: 5
  m_Name: Blocks 4
  m_TagString: Untagged
  m_Icon: {fileID: 0}
  m_NavMeshLayer: 0
  m_StaticEditorFlags: 0
  m_IsActive: 1
--- !u!224 &588510594
RectTransform:
  m_ObjectHideFlags: 0
  m_PrefabParentObject: {fileID: 22401688, guid: b3dbb53f58b6d044a88fa41047008e13,
    type: 2}
  m_PrefabInternal: {fileID: 1308877376}
  m_GameObject: {fileID: 588510593}
  m_LocalRotation: {x: 0, y: 0, z: 0, w: 1}
  m_LocalPosition: {x: 0, y: 0, z: 0}
  m_LocalScale: {x: 1, y: 1, z: 1}
  m_Children: []
  m_Father: {fileID: 825295970}
  m_RootOrder: 18
  m_LocalEulerAnglesHint: {x: 0, y: 0, z: 0}
  m_AnchorMin: {x: 0.5, y: 0.5}
  m_AnchorMax: {x: 0.5, y: 0.5}
  m_AnchoredPosition: {x: -95, y: -290}
  m_SizeDelta: {x: 192, y: 100}
  m_Pivot: {x: 0.5, y: 0.5}
--- !u!114 &588510595
MonoBehaviour:
  m_ObjectHideFlags: 0
  m_PrefabParentObject: {fileID: 11491332, guid: b3dbb53f58b6d044a88fa41047008e13,
    type: 2}
  m_PrefabInternal: {fileID: 1308877376}
  m_GameObject: {fileID: 588510593}
  m_Enabled: 1
  m_EditorHideFlags: 0
  m_Script: {fileID: -765806418, guid: f5f67c52d1564df4a8936ccd202a3bd8, type: 3}
  m_Name: 
  m_EditorClassIdentifier: 
  m_Material: {fileID: 0}
  m_Color: {r: 0, g: 0.54901963, b: 0.3372549, a: 1}
  m_RaycastTarget: 1
  m_OnCullStateChanged:
    m_PersistentCalls:
      m_Calls: []
    m_TypeName: UnityEngine.UI.MaskableGraphic+CullStateChangedEvent, UnityEngine.UI,
      Version=1.0.0.0, Culture=neutral, PublicKeyToken=null
  m_Sprite: {fileID: 21300000, guid: 7ed1238760b863f4aafde32ab3a6f28c, type: 3}
  m_Type: 1
  m_PreserveAspect: 0
  m_FillCenter: 1
  m_FillMethod: 4
  m_FillAmount: 1
  m_FillClockwise: 1
  m_FillOrigin: 0
--- !u!222 &588510596
CanvasRenderer:
  m_ObjectHideFlags: 0
  m_PrefabParentObject: {fileID: 22288476, guid: b3dbb53f58b6d044a88fa41047008e13,
    type: 2}
  m_PrefabInternal: {fileID: 1308877376}
  m_GameObject: {fileID: 588510593}
--- !u!1 &647315238
GameObject:
  m_ObjectHideFlags: 0
  m_PrefabParentObject: {fileID: 147386, guid: b3dbb53f58b6d044a88fa41047008e13, type: 2}
  m_PrefabInternal: {fileID: 1308877376}
  serializedVersion: 5
  m_Component:
  - component: {fileID: 647315239}
  - component: {fileID: 647315241}
  - component: {fileID: 647315240}
  m_Layer: 5
  m_Name: Blocks 9
  m_TagString: Untagged
  m_Icon: {fileID: 0}
  m_NavMeshLayer: 0
  m_StaticEditorFlags: 0
  m_IsActive: 1
--- !u!224 &647315239
RectTransform:
  m_ObjectHideFlags: 0
  m_PrefabParentObject: {fileID: 22473090, guid: b3dbb53f58b6d044a88fa41047008e13,
    type: 2}
  m_PrefabInternal: {fileID: 1308877376}
  m_GameObject: {fileID: 647315238}
  m_LocalRotation: {x: 0, y: 0, z: 0, w: 1}
  m_LocalPosition: {x: 0, y: 0, z: 0}
  m_LocalScale: {x: 1, y: 1, z: 1}
  m_Children: []
  m_Father: {fileID: 825295970}
  m_RootOrder: 24
  m_LocalEulerAnglesHint: {x: 0, y: 0, z: 0}
  m_AnchorMin: {x: 0.5, y: 0.5}
  m_AnchorMax: {x: 0.5, y: 0.5}
  m_AnchoredPosition: {x: 290, y: -390}
  m_SizeDelta: {x: 192, y: 100}
  m_Pivot: {x: 0.5, y: 0.5}
--- !u!114 &647315240
MonoBehaviour:
  m_ObjectHideFlags: 0
  m_PrefabParentObject: {fileID: 11474700, guid: b3dbb53f58b6d044a88fa41047008e13,
    type: 2}
  m_PrefabInternal: {fileID: 1308877376}
  m_GameObject: {fileID: 647315238}
  m_Enabled: 1
  m_EditorHideFlags: 0
  m_Script: {fileID: -765806418, guid: f5f67c52d1564df4a8936ccd202a3bd8, type: 3}
  m_Name: 
  m_EditorClassIdentifier: 
  m_Material: {fileID: 0}
  m_Color: {r: 0.02745098, g: 0.4862745, b: 0.32941177, a: 1}
  m_RaycastTarget: 1
  m_OnCullStateChanged:
    m_PersistentCalls:
      m_Calls: []
    m_TypeName: UnityEngine.UI.MaskableGraphic+CullStateChangedEvent, UnityEngine.UI,
      Version=1.0.0.0, Culture=neutral, PublicKeyToken=null
  m_Sprite: {fileID: 21300000, guid: 7ed1238760b863f4aafde32ab3a6f28c, type: 3}
  m_Type: 1
  m_PreserveAspect: 0
  m_FillCenter: 1
  m_FillMethod: 4
  m_FillAmount: 1
  m_FillClockwise: 1
  m_FillOrigin: 0
--- !u!222 &647315241
CanvasRenderer:
  m_ObjectHideFlags: 0
  m_PrefabParentObject: {fileID: 22288148, guid: b3dbb53f58b6d044a88fa41047008e13,
    type: 2}
  m_PrefabInternal: {fileID: 1308877376}
  m_GameObject: {fileID: 647315238}
--- !u!1 &673914753
GameObject:
  m_ObjectHideFlags: 0
  m_PrefabParentObject: {fileID: 118664, guid: b3dbb53f58b6d044a88fa41047008e13, type: 2}
  m_PrefabInternal: {fileID: 1308877376}
  serializedVersion: 5
  m_Component:
  - component: {fileID: 673914754}
  - component: {fileID: 673914756}
  - component: {fileID: 673914755}
  m_Layer: 5
  m_Name: Blocks 12
  m_TagString: Untagged
  m_Icon: {fileID: 0}
  m_NavMeshLayer: 0
  m_StaticEditorFlags: 0
  m_IsActive: 1
--- !u!224 &673914754
RectTransform:
  m_ObjectHideFlags: 0
  m_PrefabParentObject: {fileID: 22434114, guid: b3dbb53f58b6d044a88fa41047008e13,
    type: 2}
  m_PrefabInternal: {fileID: 1308877376}
  m_GameObject: {fileID: 673914753}
  m_LocalRotation: {x: 0, y: 0, z: 0, w: 1}
  m_LocalPosition: {x: 0, y: 0, z: 0}
  m_LocalScale: {x: 1, y: 1, z: 1}
  m_Children: []
  m_Father: {fileID: 825295970}
  m_RootOrder: 26
  m_LocalEulerAnglesHint: {x: 0, y: 0, z: 0}
  m_AnchorMin: {x: 0.5, y: 0.5}
  m_AnchorMax: {x: 0.5, y: 0.5}
  m_AnchoredPosition: {x: 674, y: -490}
  m_SizeDelta: {x: 192, y: 100}
  m_Pivot: {x: 0.5, y: 0.5}
--- !u!114 &673914755
MonoBehaviour:
  m_ObjectHideFlags: 0
  m_PrefabParentObject: {fileID: 11413948, guid: b3dbb53f58b6d044a88fa41047008e13,
    type: 2}
  m_PrefabInternal: {fileID: 1308877376}
  m_GameObject: {fileID: 673914753}
  m_Enabled: 1
  m_EditorHideFlags: 0
  m_Script: {fileID: -765806418, guid: f5f67c52d1564df4a8936ccd202a3bd8, type: 3}
  m_Name: 
  m_EditorClassIdentifier: 
  m_Material: {fileID: 0}
  m_Color: {r: 0.19215687, g: 0.42745098, b: 0.32156864, a: 1}
  m_RaycastTarget: 1
  m_OnCullStateChanged:
    m_PersistentCalls:
      m_Calls: []
    m_TypeName: UnityEngine.UI.MaskableGraphic+CullStateChangedEvent, UnityEngine.UI,
      Version=1.0.0.0, Culture=neutral, PublicKeyToken=null
  m_Sprite: {fileID: 21300000, guid: 7ed1238760b863f4aafde32ab3a6f28c, type: 3}
  m_Type: 1
  m_PreserveAspect: 0
  m_FillCenter: 1
  m_FillMethod: 4
  m_FillAmount: 1
  m_FillClockwise: 1
  m_FillOrigin: 0
--- !u!222 &673914756
CanvasRenderer:
  m_ObjectHideFlags: 0
  m_PrefabParentObject: {fileID: 22278590, guid: b3dbb53f58b6d044a88fa41047008e13,
    type: 2}
  m_PrefabInternal: {fileID: 1308877376}
  m_GameObject: {fileID: 673914753}
--- !u!1 &675308520
GameObject:
  m_ObjectHideFlags: 0
  m_PrefabParentObject: {fileID: 184822, guid: b3dbb53f58b6d044a88fa41047008e13, type: 2}
  m_PrefabInternal: {fileID: 1308877376}
  serializedVersion: 5
  m_Component:
  - component: {fileID: 675308521}
  - component: {fileID: 675308523}
  - component: {fileID: 675308522}
  m_Layer: 5
  m_Name: Blocks
  m_TagString: Untagged
  m_Icon: {fileID: 0}
  m_NavMeshLayer: 0
  m_StaticEditorFlags: 0
  m_IsActive: 1
--- !u!224 &675308521
RectTransform:
  m_ObjectHideFlags: 0
  m_PrefabParentObject: {fileID: 22427500, guid: b3dbb53f58b6d044a88fa41047008e13,
    type: 2}
  m_PrefabInternal: {fileID: 1308877376}
  m_GameObject: {fileID: 675308520}
  m_LocalRotation: {x: 0, y: 0, z: 0, w: 1}
  m_LocalPosition: {x: 0, y: 0, z: 0}
  m_LocalScale: {x: 1, y: 1, z: 1}
  m_Children: []
  m_Father: {fileID: 825295970}
  m_RootOrder: 2
  m_LocalEulerAnglesHint: {x: 0, y: 0, z: 0}
  m_AnchorMin: {x: 0.5, y: 0.5}
  m_AnchorMax: {x: 0.5, y: 0.5}
  m_AnchoredPosition: {x: -864, y: -490}
  m_SizeDelta: {x: 192, y: 100}
  m_Pivot: {x: 0.5, y: 0.5}
--- !u!114 &675308522
MonoBehaviour:
  m_ObjectHideFlags: 0
  m_PrefabParentObject: {fileID: 11478794, guid: b3dbb53f58b6d044a88fa41047008e13,
    type: 2}
  m_PrefabInternal: {fileID: 1308877376}
  m_GameObject: {fileID: 675308520}
  m_Enabled: 1
  m_EditorHideFlags: 0
  m_Script: {fileID: -765806418, guid: f5f67c52d1564df4a8936ccd202a3bd8, type: 3}
  m_Name: 
  m_EditorClassIdentifier: 
  m_Material: {fileID: 0}
  m_Color: {r: 0.19215687, g: 0.42745098, b: 0.32156864, a: 1}
  m_RaycastTarget: 1
  m_OnCullStateChanged:
    m_PersistentCalls:
      m_Calls: []
    m_TypeName: UnityEngine.UI.MaskableGraphic+CullStateChangedEvent, UnityEngine.UI,
      Version=1.0.0.0, Culture=neutral, PublicKeyToken=null
  m_Sprite: {fileID: 21300000, guid: 7ed1238760b863f4aafde32ab3a6f28c, type: 3}
  m_Type: 1
  m_PreserveAspect: 0
  m_FillCenter: 1
  m_FillMethod: 4
  m_FillAmount: 1
  m_FillClockwise: 1
  m_FillOrigin: 0
--- !u!222 &675308523
CanvasRenderer:
  m_ObjectHideFlags: 0
  m_PrefabParentObject: {fileID: 22238640, guid: b3dbb53f58b6d044a88fa41047008e13,
    type: 2}
  m_PrefabInternal: {fileID: 1308877376}
  m_GameObject: {fileID: 675308520}
--- !u!1 &679846682
GameObject:
  m_ObjectHideFlags: 0
  m_PrefabParentObject: {fileID: 153418, guid: b3dbb53f58b6d044a88fa41047008e13, type: 2}
  m_PrefabInternal: {fileID: 1308877376}
  serializedVersion: 5
  m_Component:
  - component: {fileID: 679846683}
  - component: {fileID: 679846685}
  - component: {fileID: 679846684}
  m_Layer: 5
  m_Name: Blocks
  m_TagString: Untagged
  m_Icon: {fileID: 0}
  m_NavMeshLayer: 0
  m_StaticEditorFlags: 0
  m_IsActive: 1
--- !u!224 &679846683
RectTransform:
  m_ObjectHideFlags: 0
  m_PrefabParentObject: {fileID: 22410768, guid: b3dbb53f58b6d044a88fa41047008e13,
    type: 2}
  m_PrefabInternal: {fileID: 1308877376}
  m_GameObject: {fileID: 679846682}
  m_LocalRotation: {x: 0, y: 0, z: 0, w: 1}
  m_LocalPosition: {x: 0, y: 0, z: 0}
  m_LocalScale: {x: 1, y: 1, z: 1}
  m_Children: []
  m_Father: {fileID: 825295970}
  m_RootOrder: 14
  m_LocalEulerAnglesHint: {x: 0, y: 0, z: 0}
  m_AnchorMin: {x: 0.5, y: 0.5}
  m_AnchorMax: {x: 0.5, y: 0.5}
  m_AnchoredPosition: {x: -672, y: 10}
  m_SizeDelta: {x: 192, y: 100}
  m_Pivot: {x: 0.5, y: 0.5}
--- !u!114 &679846684
MonoBehaviour:
  m_ObjectHideFlags: 0
  m_PrefabParentObject: {fileID: 11487874, guid: b3dbb53f58b6d044a88fa41047008e13,
    type: 2}
  m_PrefabInternal: {fileID: 1308877376}
  m_GameObject: {fileID: 679846682}
  m_Enabled: 1
  m_EditorHideFlags: 0
  m_Script: {fileID: -765806418, guid: f5f67c52d1564df4a8936ccd202a3bd8, type: 3}
  m_Name: 
  m_EditorClassIdentifier: 
  m_Material: {fileID: 0}
  m_Color: {r: 0, g: 0.54901963, b: 0.3372549, a: 1}
  m_RaycastTarget: 1
  m_OnCullStateChanged:
    m_PersistentCalls:
      m_Calls: []
    m_TypeName: UnityEngine.UI.MaskableGraphic+CullStateChangedEvent, UnityEngine.UI,
      Version=1.0.0.0, Culture=neutral, PublicKeyToken=null
  m_Sprite: {fileID: 21300000, guid: 7ed1238760b863f4aafde32ab3a6f28c, type: 3}
  m_Type: 1
  m_PreserveAspect: 0
  m_FillCenter: 1
  m_FillMethod: 4
  m_FillAmount: 1
  m_FillClockwise: 1
  m_FillOrigin: 0
--- !u!222 &679846685
CanvasRenderer:
  m_ObjectHideFlags: 0
  m_PrefabParentObject: {fileID: 22270662, guid: b3dbb53f58b6d044a88fa41047008e13,
    type: 2}
  m_PrefabInternal: {fileID: 1308877376}
  m_GameObject: {fileID: 679846682}
--- !u!1 &703295237
GameObject:
  m_ObjectHideFlags: 0
  m_PrefabParentObject: {fileID: 100096, guid: b3dbb53f58b6d044a88fa41047008e13, type: 2}
  m_PrefabInternal: {fileID: 1308877376}
  serializedVersion: 5
  m_Component:
  - component: {fileID: 703295238}
  - component: {fileID: 703295240}
  - component: {fileID: 703295239}
  m_Layer: 5
  m_Name: Blocks 11
  m_TagString: Untagged
  m_Icon: {fileID: 0}
  m_NavMeshLayer: 0
  m_StaticEditorFlags: 0
  m_IsActive: 1
--- !u!224 &703295238
RectTransform:
  m_ObjectHideFlags: 0
  m_PrefabParentObject: {fileID: 22491996, guid: b3dbb53f58b6d044a88fa41047008e13,
    type: 2}
  m_PrefabInternal: {fileID: 1308877376}
  m_GameObject: {fileID: 703295237}
  m_LocalRotation: {x: 0, y: 0, z: 0, w: 1}
  m_LocalPosition: {x: 0, y: 0, z: 0}
  m_LocalScale: {x: 1, y: 1, z: 1}
  m_Children: []
  m_Father: {fileID: 825295970}
  m_RootOrder: 25
  m_LocalEulerAnglesHint: {x: 0, y: 0, z: 0}
  m_AnchorMin: {x: 0.5, y: 0.5}
  m_AnchorMax: {x: 0.5, y: 0.5}
  m_AnchoredPosition: {x: 674, y: -290}
  m_SizeDelta: {x: 192, y: 100}
  m_Pivot: {x: 0.5, y: 0.5}
--- !u!114 &703295239
MonoBehaviour:
  m_ObjectHideFlags: 0
  m_PrefabParentObject: {fileID: 11411176, guid: b3dbb53f58b6d044a88fa41047008e13,
    type: 2}
  m_PrefabInternal: {fileID: 1308877376}
  m_GameObject: {fileID: 703295237}
  m_Enabled: 1
  m_EditorHideFlags: 0
  m_Script: {fileID: -765806418, guid: f5f67c52d1564df4a8936ccd202a3bd8, type: 3}
  m_Name: 
  m_EditorClassIdentifier: 
  m_Material: {fileID: 0}
  m_Color: {r: 0, g: 0.54901963, b: 0.3372549, a: 1}
  m_RaycastTarget: 1
  m_OnCullStateChanged:
    m_PersistentCalls:
      m_Calls: []
    m_TypeName: UnityEngine.UI.MaskableGraphic+CullStateChangedEvent, UnityEngine.UI,
      Version=1.0.0.0, Culture=neutral, PublicKeyToken=null
  m_Sprite: {fileID: 21300000, guid: 7ed1238760b863f4aafde32ab3a6f28c, type: 3}
  m_Type: 1
  m_PreserveAspect: 0
  m_FillCenter: 1
  m_FillMethod: 4
  m_FillAmount: 1
  m_FillClockwise: 1
  m_FillOrigin: 0
--- !u!222 &703295240
CanvasRenderer:
  m_ObjectHideFlags: 0
  m_PrefabParentObject: {fileID: 22220606, guid: b3dbb53f58b6d044a88fa41047008e13,
    type: 2}
  m_PrefabInternal: {fileID: 1308877376}
  m_GameObject: {fileID: 703295237}
--- !u!1 &719023602
GameObject:
  m_ObjectHideFlags: 0
  m_PrefabParentObject: {fileID: 186092, guid: b3dbb53f58b6d044a88fa41047008e13, type: 2}
  m_PrefabInternal: {fileID: 1308877376}
  serializedVersion: 5
  m_Component:
  - component: {fileID: 719023603}
  - component: {fileID: 719023605}
  - component: {fileID: 719023604}
  m_Layer: 5
  m_Name: Blocks
  m_TagString: Untagged
  m_Icon: {fileID: 0}
  m_NavMeshLayer: 0
  m_StaticEditorFlags: 0
  m_IsActive: 1
--- !u!224 &719023603
RectTransform:
  m_ObjectHideFlags: 0
  m_PrefabParentObject: {fileID: 22461632, guid: b3dbb53f58b6d044a88fa41047008e13,
    type: 2}
  m_PrefabInternal: {fileID: 1308877376}
  m_GameObject: {fileID: 719023602}
  m_LocalRotation: {x: 0, y: 0, z: 0, w: 1}
  m_LocalPosition: {x: 0, y: 0, z: 0}
  m_LocalScale: {x: 1, y: 1, z: 1}
  m_Children: []
  m_Father: {fileID: 825295970}
  m_RootOrder: 4
  m_LocalEulerAnglesHint: {x: 0, y: 0, z: 0}
  m_AnchorMin: {x: 0.5, y: 0.5}
  m_AnchorMax: {x: 0.5, y: 0.5}
  m_AnchoredPosition: {x: -479.8, y: -390}
  m_SizeDelta: {x: 193.6, y: 100}
  m_Pivot: {x: 0.5, y: 0.5}
--- !u!114 &719023604
MonoBehaviour:
  m_ObjectHideFlags: 0
  m_PrefabParentObject: {fileID: 11409998, guid: b3dbb53f58b6d044a88fa41047008e13,
    type: 2}
  m_PrefabInternal: {fileID: 1308877376}
  m_GameObject: {fileID: 719023602}
  m_Enabled: 1
  m_EditorHideFlags: 0
  m_Script: {fileID: -765806418, guid: f5f67c52d1564df4a8936ccd202a3bd8, type: 3}
  m_Name: 
  m_EditorClassIdentifier: 
  m_Material: {fileID: 0}
  m_Color: {r: 0.02745098, g: 0.4862745, b: 0.32941177, a: 1}
  m_RaycastTarget: 1
  m_OnCullStateChanged:
    m_PersistentCalls:
      m_Calls: []
    m_TypeName: UnityEngine.UI.MaskableGraphic+CullStateChangedEvent, UnityEngine.UI,
      Version=1.0.0.0, Culture=neutral, PublicKeyToken=null
  m_Sprite: {fileID: 21300000, guid: 7ed1238760b863f4aafde32ab3a6f28c, type: 3}
  m_Type: 1
  m_PreserveAspect: 0
  m_FillCenter: 1
  m_FillMethod: 4
  m_FillAmount: 1
  m_FillClockwise: 1
  m_FillOrigin: 0
--- !u!222 &719023605
CanvasRenderer:
  m_ObjectHideFlags: 0
  m_PrefabParentObject: {fileID: 22246276, guid: b3dbb53f58b6d044a88fa41047008e13,
    type: 2}
  m_PrefabInternal: {fileID: 1308877376}
  m_GameObject: {fileID: 719023602}
--- !u!1 &743732410
GameObject:
  m_ObjectHideFlags: 0
  m_PrefabParentObject: {fileID: 152068, guid: b3dbb53f58b6d044a88fa41047008e13, type: 2}
  m_PrefabInternal: {fileID: 1308877376}
  serializedVersion: 5
  m_Component:
  - component: {fileID: 743732411}
  - component: {fileID: 743732413}
  - component: {fileID: 743732412}
  m_Layer: 5
  m_Name: Blocks 14
  m_TagString: Untagged
  m_Icon: {fileID: 0}
  m_NavMeshLayer: 0
  m_StaticEditorFlags: 0
  m_IsActive: 1
--- !u!224 &743732411
RectTransform:
  m_ObjectHideFlags: 0
  m_PrefabParentObject: {fileID: 22490104, guid: b3dbb53f58b6d044a88fa41047008e13,
    type: 2}
  m_PrefabInternal: {fileID: 1308877376}
  m_GameObject: {fileID: 743732410}
  m_LocalRotation: {x: 0, y: 0, z: 0, w: 1}
  m_LocalPosition: {x: 0, y: 0, z: 0}
  m_LocalScale: {x: 1, y: 1, z: 1}
  m_Children: []
  m_Father: {fileID: 825295970}
  m_RootOrder: 28
  m_LocalEulerAnglesHint: {x: 0, y: 0, z: 0}
  m_AnchorMin: {x: 0.5, y: 0.5}
  m_AnchorMax: {x: 0.5, y: 0.5}
  m_AnchoredPosition: {x: 674, y: -190}
  m_SizeDelta: {x: 192, y: 100}
  m_Pivot: {x: 0.5, y: 0.5}
--- !u!114 &743732412
MonoBehaviour:
  m_ObjectHideFlags: 0
  m_PrefabParentObject: {fileID: 11490086, guid: b3dbb53f58b6d044a88fa41047008e13,
    type: 2}
  m_PrefabInternal: {fileID: 1308877376}
  m_GameObject: {fileID: 743732410}
  m_Enabled: 1
  m_EditorHideFlags: 0
  m_Script: {fileID: -765806418, guid: f5f67c52d1564df4a8936ccd202a3bd8, type: 3}
  m_Name: 
  m_EditorClassIdentifier: 
  m_Material: {fileID: 0}
  m_Color: {r: 0, g: 0.6784314, b: 0.36078432, a: 1}
  m_RaycastTarget: 1
  m_OnCullStateChanged:
    m_PersistentCalls:
      m_Calls: []
    m_TypeName: UnityEngine.UI.MaskableGraphic+CullStateChangedEvent, UnityEngine.UI,
      Version=1.0.0.0, Culture=neutral, PublicKeyToken=null
  m_Sprite: {fileID: 21300000, guid: 7ed1238760b863f4aafde32ab3a6f28c, type: 3}
  m_Type: 1
  m_PreserveAspect: 0
  m_FillCenter: 1
  m_FillMethod: 4
  m_FillAmount: 1
  m_FillClockwise: 1
  m_FillOrigin: 0
--- !u!222 &743732413
CanvasRenderer:
  m_ObjectHideFlags: 0
  m_PrefabParentObject: {fileID: 22232568, guid: b3dbb53f58b6d044a88fa41047008e13,
    type: 2}
  m_PrefabInternal: {fileID: 1308877376}
  m_GameObject: {fileID: 743732410}
--- !u!1 &758237019
GameObject:
  m_ObjectHideFlags: 0
  m_PrefabParentObject: {fileID: 107256, guid: b3dbb53f58b6d044a88fa41047008e13, type: 2}
  m_PrefabInternal: {fileID: 1308877376}
  serializedVersion: 5
  m_Component:
  - component: {fileID: 758237020}
  - component: {fileID: 758237022}
  - component: {fileID: 758237021}
  m_Layer: 5
  m_Name: Blocks 3
  m_TagString: Untagged
  m_Icon: {fileID: 0}
  m_NavMeshLayer: 0
  m_StaticEditorFlags: 0
  m_IsActive: 1
--- !u!224 &758237020
RectTransform:
  m_ObjectHideFlags: 0
  m_PrefabParentObject: {fileID: 22447442, guid: b3dbb53f58b6d044a88fa41047008e13,
    type: 2}
  m_PrefabInternal: {fileID: 1308877376}
  m_GameObject: {fileID: 758237019}
  m_LocalRotation: {x: 0, y: 0, z: 0, w: 1}
  m_LocalPosition: {x: 0, y: 0, z: 0}
  m_LocalScale: {x: 1, y: 1, z: 1}
  m_Children: []
  m_Father: {fileID: 825295970}
  m_RootOrder: 17
  m_LocalEulerAnglesHint: {x: 0, y: 0, z: 0}
  m_AnchorMin: {x: 0.5, y: 0.5}
  m_AnchorMax: {x: 0.5, y: 0.5}
  m_AnchoredPosition: {x: -287, y: -490}
  m_SizeDelta: {x: 192, y: 100}
  m_Pivot: {x: 0.5, y: 0.5}
--- !u!114 &758237021
MonoBehaviour:
  m_ObjectHideFlags: 0
  m_PrefabParentObject: {fileID: 11444260, guid: b3dbb53f58b6d044a88fa41047008e13,
    type: 2}
  m_PrefabInternal: {fileID: 1308877376}
  m_GameObject: {fileID: 758237019}
  m_Enabled: 1
  m_EditorHideFlags: 0
  m_Script: {fileID: -765806418, guid: f5f67c52d1564df4a8936ccd202a3bd8, type: 3}
  m_Name: 
  m_EditorClassIdentifier: 
  m_Material: {fileID: 0}
  m_Color: {r: 0.19215687, g: 0.42745098, b: 0.32156864, a: 1}
  m_RaycastTarget: 1
  m_OnCullStateChanged:
    m_PersistentCalls:
      m_Calls: []
    m_TypeName: UnityEngine.UI.MaskableGraphic+CullStateChangedEvent, UnityEngine.UI,
      Version=1.0.0.0, Culture=neutral, PublicKeyToken=null
  m_Sprite: {fileID: 21300000, guid: 7ed1238760b863f4aafde32ab3a6f28c, type: 3}
  m_Type: 1
  m_PreserveAspect: 0
  m_FillCenter: 1
  m_FillMethod: 4
  m_FillAmount: 1
  m_FillClockwise: 1
  m_FillOrigin: 0
--- !u!222 &758237022
CanvasRenderer:
  m_ObjectHideFlags: 0
  m_PrefabParentObject: {fileID: 22211820, guid: b3dbb53f58b6d044a88fa41047008e13,
    type: 2}
  m_PrefabInternal: {fileID: 1308877376}
  m_GameObject: {fileID: 758237019}
--- !u!1 &763157075
GameObject:
  m_ObjectHideFlags: 0
  m_PrefabParentObject: {fileID: 172988, guid: b3dbb53f58b6d044a88fa41047008e13, type: 2}
  m_PrefabInternal: {fileID: 1308877376}
  serializedVersion: 5
  m_Component:
  - component: {fileID: 763157076}
  - component: {fileID: 763157078}
  - component: {fileID: 763157077}
  m_Layer: 5
  m_Name: TopInfoBar
  m_TagString: Untagged
  m_Icon: {fileID: 0}
  m_NavMeshLayer: 0
  m_StaticEditorFlags: 0
  m_IsActive: 1
--- !u!224 &763157076
RectTransform:
  m_ObjectHideFlags: 0
  m_PrefabParentObject: {fileID: 22474294, guid: b3dbb53f58b6d044a88fa41047008e13,
    type: 2}
  m_PrefabInternal: {fileID: 1308877376}
  m_GameObject: {fileID: 763157075}
  m_LocalRotation: {x: 0, y: 0, z: 0, w: 1}
  m_LocalPosition: {x: 0, y: 0, z: 0}
  m_LocalScale: {x: 1, y: 1, z: 1}
  m_Children:
  - {fileID: 101230170}
  - {fileID: 1678014881}
  m_Father: {fileID: 825295970}
  m_RootOrder: 0
  m_LocalEulerAnglesHint: {x: 0, y: 0, z: 0}
  m_AnchorMin: {x: 0.5, y: 0.5}
  m_AnchorMax: {x: 0.5, y: 0.5}
  m_AnchoredPosition: {x: 15, y: 360}
  m_SizeDelta: {x: 1054, y: 300}
  m_Pivot: {x: 0.5, y: 0.5}
--- !u!114 &763157077
MonoBehaviour:
  m_ObjectHideFlags: 0
  m_PrefabParentObject: {fileID: 11492410, guid: b3dbb53f58b6d044a88fa41047008e13,
    type: 2}
  m_PrefabInternal: {fileID: 1308877376}
  m_GameObject: {fileID: 763157075}
  m_Enabled: 1
  m_EditorHideFlags: 0
  m_Script: {fileID: 708705254, guid: f5f67c52d1564df4a8936ccd202a3bd8, type: 3}
  m_Name: 
  m_EditorClassIdentifier: 
  m_Material: {fileID: 0}
  m_Color: {r: 0.9529412, g: 0.9019608, b: 0.76862746, a: 1}
  m_RaycastTarget: 1
  m_OnCullStateChanged:
    m_PersistentCalls:
      m_Calls: []
    m_TypeName: UnityEngine.UI.MaskableGraphic+CullStateChangedEvent, UnityEngine.UI,
      Version=1.0.0.0, Culture=neutral, PublicKeyToken=null
  m_FontData:
    m_Font: {fileID: 12800000, guid: 5c425d43bb0df45ca8eb162d5154251e, type: 3}
    m_FontSize: 80
    m_FontStyle: 0
    m_BestFit: 0
    m_MinSize: 10
    m_MaxSize: 80
    m_Alignment: 4
    m_AlignByGeometry: 0
    m_RichText: 1
    m_HorizontalOverflow: 0
    m_VerticalOverflow: 0
    m_LineSpacing: 1
  m_Text: SQUARES
--- !u!222 &763157078
CanvasRenderer:
  m_ObjectHideFlags: 0
  m_PrefabParentObject: {fileID: 22240502, guid: b3dbb53f58b6d044a88fa41047008e13,
    type: 2}
  m_PrefabInternal: {fileID: 1308877376}
  m_GameObject: {fileID: 763157075}
--- !u!1 &825295969
GameObject:
  m_ObjectHideFlags: 0
  m_PrefabParentObject: {fileID: 115432, guid: b3dbb53f58b6d044a88fa41047008e13, type: 2}
  m_PrefabInternal: {fileID: 1308877376}
  serializedVersion: 5
  m_Component:
  - component: {fileID: 825295970}
  - component: {fileID: 825295973}
  - component: {fileID: 825295972}
  - component: {fileID: 825295971}
  m_Layer: 5
  m_Name: Panel
  m_TagString: Untagged
  m_Icon: {fileID: 0}
  m_NavMeshLayer: 0
  m_StaticEditorFlags: 0
  m_IsActive: 1
--- !u!224 &825295970
RectTransform:
  m_ObjectHideFlags: 0
  m_PrefabParentObject: {fileID: 22433134, guid: b3dbb53f58b6d044a88fa41047008e13,
    type: 2}
  m_PrefabInternal: {fileID: 1308877376}
  m_GameObject: {fileID: 825295969}
  m_LocalRotation: {x: 0, y: 0, z: 0, w: 1}
  m_LocalPosition: {x: 0, y: 0, z: 0}
  m_LocalScale: {x: 1, y: 1, z: 1}
  m_Children:
  - {fileID: 763157076}
  - {fileID: 364982808}
  - {fileID: 675308521}
  - {fileID: 1719705029}
  - {fileID: 719023603}
  - {fileID: 1564217376}
  - {fileID: 493517953}
  - {fileID: 1892125216}
  - {fileID: 1596266173}
  - {fileID: 93888972}
  - {fileID: 1673646128}
  - {fileID: 1725510302}
  - {fileID: 1164177557}
  - {fileID: 195928655}
  - {fileID: 679846683}
  - {fileID: 344384503}
  - {fileID: 924787693}
  - {fileID: 758237020}
  - {fileID: 588510594}
  - {fileID: 1360942214}
  - {fileID: 1839129941}
  - {fileID: 1660783139}
  - {fileID: 270294116}
  - {fileID: 1622905059}
  - {fileID: 647315239}
  - {fileID: 703295238}
  - {fileID: 673914754}
  - {fileID: 1429371718}
  - {fileID: 743732411}
  - {fileID: 18881590}
  - {fileID: 1194805865}
  - {fileID: 1504974177}
  m_Father: {fileID: 39182750}
  m_RootOrder: 1
  m_LocalEulerAnglesHint: {x: 0, y: 0, z: 0}
  m_AnchorMin: {x: 0.5, y: 0.5}
  m_AnchorMax: {x: 0.5, y: 0.5}
  m_AnchoredPosition: {x: 0, y: 0}
  m_SizeDelta: {x: 1920, y: 1080}
  m_Pivot: {x: 0.5, y: 0.5}
--- !u!114 &825295971
MonoBehaviour:
  m_ObjectHideFlags: 0
  m_PrefabParentObject: {fileID: 11401094, guid: b3dbb53f58b6d044a88fa41047008e13,
    type: 2}
  m_PrefabInternal: {fileID: 1308877376}
  m_GameObject: {fileID: 825295969}
  m_Enabled: 1
  m_EditorHideFlags: 0
  m_Script: {fileID: -1200242548, guid: f5f67c52d1564df4a8936ccd202a3bd8, type: 3}
  m_Name: 
  m_EditorClassIdentifier: 
  m_ShowMaskGraphic: 1
--- !u!114 &825295972
MonoBehaviour:
  m_ObjectHideFlags: 0
  m_PrefabParentObject: {fileID: 11477552, guid: b3dbb53f58b6d044a88fa41047008e13,
    type: 2}
  m_PrefabInternal: {fileID: 1308877376}
  m_GameObject: {fileID: 825295969}
  m_Enabled: 1
  m_EditorHideFlags: 0
  m_Script: {fileID: -765806418, guid: f5f67c52d1564df4a8936ccd202a3bd8, type: 3}
  m_Name: 
  m_EditorClassIdentifier: 
  m_Material: {fileID: 0}
  m_Color: {r: 0.2784314, g: 0.2784314, b: 0.2784314, a: 1}
  m_RaycastTarget: 1
  m_OnCullStateChanged:
    m_PersistentCalls:
      m_Calls: []
    m_TypeName: UnityEngine.UI.MaskableGraphic+CullStateChangedEvent, UnityEngine.UI,
      Version=1.0.0.0, Culture=neutral, PublicKeyToken=null
  m_Sprite: {fileID: 21300000, guid: 7ed1238760b863f4aafde32ab3a6f28c, type: 3}
  m_Type: 1
  m_PreserveAspect: 0
  m_FillCenter: 1
  m_FillMethod: 4
  m_FillAmount: 1
  m_FillClockwise: 1
  m_FillOrigin: 0
--- !u!222 &825295973
CanvasRenderer:
  m_ObjectHideFlags: 0
  m_PrefabParentObject: {fileID: 22264732, guid: b3dbb53f58b6d044a88fa41047008e13,
    type: 2}
  m_PrefabInternal: {fileID: 1308877376}
  m_GameObject: {fileID: 825295969}
--- !u!1 &902228094
GameObject:
  m_ObjectHideFlags: 0
  m_PrefabParentObject: {fileID: 113392, guid: b3dbb53f58b6d044a88fa41047008e13, type: 2}
  m_PrefabInternal: {fileID: 1308877376}
  serializedVersion: 5
  m_Component:
  - component: {fileID: 902228095}
  - component: {fileID: 902228097}
  - component: {fileID: 902228096}
  m_Layer: 5
  m_Name: AppTitle
  m_TagString: Untagged
  m_Icon: {fileID: 0}
  m_NavMeshLayer: 0
  m_StaticEditorFlags: 0
  m_IsActive: 1
--- !u!224 &902228095
RectTransform:
  m_ObjectHideFlags: 0
  m_PrefabParentObject: {fileID: 22440646, guid: b3dbb53f58b6d044a88fa41047008e13,
    type: 2}
  m_PrefabInternal: {fileID: 1308877376}
  m_GameObject: {fileID: 902228094}
  m_LocalRotation: {x: 0, y: 0, z: 0, w: 1}
  m_LocalPosition: {x: 0, y: 0, z: 0}
  m_LocalScale: {x: 1, y: 1, z: 1}
  m_Children:
  - {fileID: 1992274591}
  m_Father: {fileID: 39182750}
  m_RootOrder: 0
  m_LocalEulerAnglesHint: {x: 0, y: 0, z: 0}
  m_AnchorMin: {x: 0.5, y: 0.5}
  m_AnchorMax: {x: 0.5, y: 0.5}
  m_AnchoredPosition: {x: -576, y: 654}
  m_SizeDelta: {x: 768, y: 109}
  m_Pivot: {x: 0.5, y: 0.5}
--- !u!114 &902228096
MonoBehaviour:
  m_ObjectHideFlags: 0
  m_PrefabParentObject: {fileID: 11477618, guid: b3dbb53f58b6d044a88fa41047008e13,
    type: 2}
  m_PrefabInternal: {fileID: 1308877376}
  m_GameObject: {fileID: 902228094}
  m_Enabled: 1
  m_EditorHideFlags: 0
  m_Script: {fileID: 708705254, guid: f5f67c52d1564df4a8936ccd202a3bd8, type: 3}
  m_Name: 
  m_EditorClassIdentifier: 
  m_Material: {fileID: 0}
  m_Color: {r: 0.85490197, g: 0.85490197, b: 0.85490197, a: 1}
  m_RaycastTarget: 1
  m_OnCullStateChanged:
    m_PersistentCalls:
      m_Calls: []
    m_TypeName: UnityEngine.UI.MaskableGraphic+CullStateChangedEvent, UnityEngine.UI,
      Version=1.0.0.0, Culture=neutral, PublicKeyToken=null
  m_FontData:
    m_Font: {fileID: 12800000, guid: 218956a5c2a6e42d6a60afccf80b002b, type: 3}
    m_FontSize: 102
    m_FontStyle: 0
    m_BestFit: 0
    m_MinSize: 10
    m_MaxSize: 102
    m_Alignment: 0
    m_AlignByGeometry: 0
    m_RichText: 1
    m_HorizontalOverflow: 0
    m_VerticalOverflow: 1
    m_LineSpacing: 1
  m_Text: GAME
--- !u!222 &902228097
CanvasRenderer:
  m_ObjectHideFlags: 0
  m_PrefabParentObject: {fileID: 22257272, guid: b3dbb53f58b6d044a88fa41047008e13,
    type: 2}
  m_PrefabInternal: {fileID: 1308877376}
  m_GameObject: {fileID: 902228094}
--- !u!1 &924787692
GameObject:
  m_ObjectHideFlags: 0
  m_PrefabParentObject: {fileID: 191338, guid: b3dbb53f58b6d044a88fa41047008e13, type: 2}
  m_PrefabInternal: {fileID: 1308877376}
  serializedVersion: 5
  m_Component:
  - component: {fileID: 924787693}
  - component: {fileID: 924787695}
  - component: {fileID: 924787694}
  m_Layer: 5
  m_Name: Blocks 2
  m_TagString: Untagged
  m_Icon: {fileID: 0}
  m_NavMeshLayer: 0
  m_StaticEditorFlags: 0
  m_IsActive: 1
--- !u!224 &924787693
RectTransform:
  m_ObjectHideFlags: 0
  m_PrefabParentObject: {fileID: 22494722, guid: b3dbb53f58b6d044a88fa41047008e13,
    type: 2}
  m_PrefabInternal: {fileID: 1308877376}
  m_GameObject: {fileID: 924787692}
  m_LocalRotation: {x: 0, y: 0, z: 0, w: 1}
  m_LocalPosition: {x: 0, y: 0, z: 0}
  m_LocalScale: {x: 1, y: 1, z: 1}
  m_Children: []
  m_Father: {fileID: 825295970}
  m_RootOrder: 16
  m_LocalEulerAnglesHint: {x: 0, y: 0, z: 0}
  m_AnchorMin: {x: 0.5, y: 0.5}
  m_AnchorMax: {x: 0.5, y: 0.5}
  m_AnchoredPosition: {x: -287, y: -290}
  m_SizeDelta: {x: 192, y: 100}
  m_Pivot: {x: 0.5, y: 0.5}
--- !u!114 &924787694
MonoBehaviour:
  m_ObjectHideFlags: 0
  m_PrefabParentObject: {fileID: 11432306, guid: b3dbb53f58b6d044a88fa41047008e13,
    type: 2}
  m_PrefabInternal: {fileID: 1308877376}
  m_GameObject: {fileID: 924787692}
  m_Enabled: 1
  m_EditorHideFlags: 0
  m_Script: {fileID: -765806418, guid: f5f67c52d1564df4a8936ccd202a3bd8, type: 3}
  m_Name: 
  m_EditorClassIdentifier: 
  m_Material: {fileID: 0}
  m_Color: {r: 0, g: 0.7372549, b: 0.37254903, a: 1}
  m_RaycastTarget: 1
  m_OnCullStateChanged:
    m_PersistentCalls:
      m_Calls: []
    m_TypeName: UnityEngine.UI.MaskableGraphic+CullStateChangedEvent, UnityEngine.UI,
      Version=1.0.0.0, Culture=neutral, PublicKeyToken=null
  m_Sprite: {fileID: 21300000, guid: 7ed1238760b863f4aafde32ab3a6f28c, type: 3}
  m_Type: 1
  m_PreserveAspect: 0
  m_FillCenter: 1
  m_FillMethod: 4
  m_FillAmount: 1
  m_FillClockwise: 1
  m_FillOrigin: 0
--- !u!222 &924787695
CanvasRenderer:
  m_ObjectHideFlags: 0
  m_PrefabParentObject: {fileID: 22261578, guid: b3dbb53f58b6d044a88fa41047008e13,
    type: 2}
  m_PrefabInternal: {fileID: 1308877376}
  m_GameObject: {fileID: 924787692}
--- !u!1 &1164177556
GameObject:
  m_ObjectHideFlags: 0
  m_PrefabParentObject: {fileID: 159712, guid: b3dbb53f58b6d044a88fa41047008e13, type: 2}
  m_PrefabInternal: {fileID: 1308877376}
  serializedVersion: 5
  m_Component:
  - component: {fileID: 1164177557}
  - component: {fileID: 1164177559}
  - component: {fileID: 1164177558}
  m_Layer: 5
  m_Name: Blocks
  m_TagString: Untagged
  m_Icon: {fileID: 0}
  m_NavMeshLayer: 0
  m_StaticEditorFlags: 0
  m_IsActive: 1
--- !u!224 &1164177557
RectTransform:
  m_ObjectHideFlags: 0
  m_PrefabParentObject: {fileID: 22402334, guid: b3dbb53f58b6d044a88fa41047008e13,
    type: 2}
  m_PrefabInternal: {fileID: 1308877376}
  m_GameObject: {fileID: 1164177556}
  m_LocalRotation: {x: 0, y: 0, z: 0, w: 1}
  m_LocalPosition: {x: 0, y: 0, z: 0}
  m_LocalScale: {x: 1, y: 1, z: 1}
  m_Children: []
  m_Father: {fileID: 825295970}
  m_RootOrder: 12
  m_LocalEulerAnglesHint: {x: 0, y: 0, z: 0}
  m_AnchorMin: {x: 0.5, y: 0.5}
  m_AnchorMax: {x: 0.5, y: 0.5}
  m_AnchoredPosition: {x: -672, y: -390}
  m_SizeDelta: {x: 192, y: 100}
  m_Pivot: {x: 0.5, y: 0.5}
--- !u!114 &1164177558
MonoBehaviour:
  m_ObjectHideFlags: 0
  m_PrefabParentObject: {fileID: 11458796, guid: b3dbb53f58b6d044a88fa41047008e13,
    type: 2}
  m_PrefabInternal: {fileID: 1308877376}
  m_GameObject: {fileID: 1164177556}
  m_Enabled: 1
  m_EditorHideFlags: 0
  m_Script: {fileID: -765806418, guid: f5f67c52d1564df4a8936ccd202a3bd8, type: 3}
  m_Name: 
  m_EditorClassIdentifier: 
  m_Material: {fileID: 0}
  m_Color: {r: 0.02745098, g: 0.4862745, b: 0.32941177, a: 1}
  m_RaycastTarget: 1
  m_OnCullStateChanged:
    m_PersistentCalls:
      m_Calls: []
    m_TypeName: UnityEngine.UI.MaskableGraphic+CullStateChangedEvent, UnityEngine.UI,
      Version=1.0.0.0, Culture=neutral, PublicKeyToken=null
  m_Sprite: {fileID: 21300000, guid: 7ed1238760b863f4aafde32ab3a6f28c, type: 3}
  m_Type: 1
  m_PreserveAspect: 0
  m_FillCenter: 1
  m_FillMethod: 4
  m_FillAmount: 1
  m_FillClockwise: 1
  m_FillOrigin: 0
--- !u!222 &1164177559
CanvasRenderer:
  m_ObjectHideFlags: 0
  m_PrefabParentObject: {fileID: 22298608, guid: b3dbb53f58b6d044a88fa41047008e13,
    type: 2}
  m_PrefabInternal: {fileID: 1308877376}
  m_GameObject: {fileID: 1164177556}
--- !u!1 &1194805864
GameObject:
  m_ObjectHideFlags: 0
  m_PrefabParentObject: {fileID: 111952, guid: b3dbb53f58b6d044a88fa41047008e13, type: 2}
  m_PrefabInternal: {fileID: 1308877376}
  serializedVersion: 5
  m_Component:
  - component: {fileID: 1194805865}
  - component: {fileID: 1194805867}
  - component: {fileID: 1194805866}
  m_Layer: 5
  m_Name: Blocks 16
  m_TagString: Untagged
  m_Icon: {fileID: 0}
  m_NavMeshLayer: 0
  m_StaticEditorFlags: 0
  m_IsActive: 1
--- !u!224 &1194805865
RectTransform:
  m_ObjectHideFlags: 0
  m_PrefabParentObject: {fileID: 22476476, guid: b3dbb53f58b6d044a88fa41047008e13,
    type: 2}
  m_PrefabInternal: {fileID: 1308877376}
  m_GameObject: {fileID: 1194805864}
  m_LocalRotation: {x: 0, y: 0, z: 0, w: 1}
  m_LocalPosition: {x: 0, y: 0, z: 0}
  m_LocalScale: {x: 1, y: 1, z: 1}
  m_Children: []
  m_Father: {fileID: 825295970}
  m_RootOrder: 30
  m_LocalEulerAnglesHint: {x: 0, y: 0, z: 0}
  m_AnchorMin: {x: 0.5, y: 0.5}
  m_AnchorMax: {x: 0.5, y: 0.5}
  m_AnchoredPosition: {x: 482, y: -490}
  m_SizeDelta: {x: 192, y: 100}
  m_Pivot: {x: 0.5, y: 0.5}
--- !u!114 &1194805866
MonoBehaviour:
  m_ObjectHideFlags: 0
  m_PrefabParentObject: {fileID: 11452962, guid: b3dbb53f58b6d044a88fa41047008e13,
    type: 2}
  m_PrefabInternal: {fileID: 1308877376}
  m_GameObject: {fileID: 1194805864}
  m_Enabled: 1
  m_EditorHideFlags: 0
  m_Script: {fileID: -765806418, guid: f5f67c52d1564df4a8936ccd202a3bd8, type: 3}
  m_Name: 
  m_EditorClassIdentifier: 
  m_Material: {fileID: 0}
  m_Color: {r: 0.19215687, g: 0.42745098, b: 0.32156864, a: 1}
  m_RaycastTarget: 1
  m_OnCullStateChanged:
    m_PersistentCalls:
      m_Calls: []
    m_TypeName: UnityEngine.UI.MaskableGraphic+CullStateChangedEvent, UnityEngine.UI,
      Version=1.0.0.0, Culture=neutral, PublicKeyToken=null
  m_Sprite: {fileID: 21300000, guid: 7ed1238760b863f4aafde32ab3a6f28c, type: 3}
  m_Type: 1
  m_PreserveAspect: 0
  m_FillCenter: 1
  m_FillMethod: 4
  m_FillAmount: 1
  m_FillClockwise: 1
  m_FillOrigin: 0
--- !u!222 &1194805867
CanvasRenderer:
  m_ObjectHideFlags: 0
  m_PrefabParentObject: {fileID: 22210234, guid: b3dbb53f58b6d044a88fa41047008e13,
    type: 2}
  m_PrefabInternal: {fileID: 1308877376}
  m_GameObject: {fileID: 1194805864}
--- !u!1001 &1308877376
Prefab:
  m_ObjectHideFlags: 0
  serializedVersion: 2
  m_Modification:
    m_TransformParent: {fileID: 0}
    m_Modifications:
    - target: {fileID: 22462598, guid: b3dbb53f58b6d044a88fa41047008e13, type: 2}
      propertyPath: m_LocalPosition.x
      value: 0
      objectReference: {fileID: 0}
    - target: {fileID: 22462598, guid: b3dbb53f58b6d044a88fa41047008e13, type: 2}
      propertyPath: m_LocalPosition.y
      value: 0
      objectReference: {fileID: 0}
    - target: {fileID: 22462598, guid: b3dbb53f58b6d044a88fa41047008e13, type: 2}
      propertyPath: m_LocalPosition.z
      value: 0
      objectReference: {fileID: 0}
    - target: {fileID: 22462598, guid: b3dbb53f58b6d044a88fa41047008e13, type: 2}
      propertyPath: m_LocalRotation.x
      value: 0
      objectReference: {fileID: 0}
    - target: {fileID: 22462598, guid: b3dbb53f58b6d044a88fa41047008e13, type: 2}
      propertyPath: m_LocalRotation.y
      value: 0
      objectReference: {fileID: 0}
    - target: {fileID: 22462598, guid: b3dbb53f58b6d044a88fa41047008e13, type: 2}
      propertyPath: m_LocalRotation.z
      value: 0
      objectReference: {fileID: 0}
    - target: {fileID: 22462598, guid: b3dbb53f58b6d044a88fa41047008e13, type: 2}
      propertyPath: m_LocalRotation.w
      value: 1
      objectReference: {fileID: 0}
    - target: {fileID: 22462598, guid: b3dbb53f58b6d044a88fa41047008e13, type: 2}
      propertyPath: m_RootOrder
      value: 0
      objectReference: {fileID: 0}
    - target: {fileID: 22462598, guid: b3dbb53f58b6d044a88fa41047008e13, type: 2}
      propertyPath: m_AnchoredPosition.x
      value: 0
      objectReference: {fileID: 0}
    - target: {fileID: 22462598, guid: b3dbb53f58b6d044a88fa41047008e13, type: 2}
      propertyPath: m_AnchoredPosition.y
      value: 0
      objectReference: {fileID: 0}
    - target: {fileID: 22462598, guid: b3dbb53f58b6d044a88fa41047008e13, type: 2}
      propertyPath: m_SizeDelta.x
      value: 0
      objectReference: {fileID: 0}
    - target: {fileID: 22462598, guid: b3dbb53f58b6d044a88fa41047008e13, type: 2}
      propertyPath: m_SizeDelta.y
      value: 0
      objectReference: {fileID: 0}
    - target: {fileID: 22462598, guid: b3dbb53f58b6d044a88fa41047008e13, type: 2}
      propertyPath: m_AnchorMin.x
      value: 0
      objectReference: {fileID: 0}
    - target: {fileID: 22462598, guid: b3dbb53f58b6d044a88fa41047008e13, type: 2}
      propertyPath: m_AnchorMin.y
      value: 0
      objectReference: {fileID: 0}
    - target: {fileID: 22462598, guid: b3dbb53f58b6d044a88fa41047008e13, type: 2}
      propertyPath: m_AnchorMax.x
      value: 0
      objectReference: {fileID: 0}
    - target: {fileID: 22462598, guid: b3dbb53f58b6d044a88fa41047008e13, type: 2}
      propertyPath: m_AnchorMax.y
      value: 0
      objectReference: {fileID: 0}
    - target: {fileID: 22462598, guid: b3dbb53f58b6d044a88fa41047008e13, type: 2}
      propertyPath: m_Pivot.x
      value: 0
      objectReference: {fileID: 0}
    - target: {fileID: 22462598, guid: b3dbb53f58b6d044a88fa41047008e13, type: 2}
      propertyPath: m_Pivot.y
      value: 0
      objectReference: {fileID: 0}
    m_RemovedComponents: []
  m_ParentPrefab: {fileID: 100100000, guid: b3dbb53f58b6d044a88fa41047008e13, type: 2}
  m_RootGameObject: {fileID: 39182746}
  m_IsPrefabParent: 0
--- !u!1 &1360942213
GameObject:
  m_ObjectHideFlags: 0
  m_PrefabParentObject: {fileID: 159036, guid: b3dbb53f58b6d044a88fa41047008e13, type: 2}
  m_PrefabInternal: {fileID: 1308877376}
  serializedVersion: 5
  m_Component:
  - component: {fileID: 1360942214}
  - component: {fileID: 1360942216}
  - component: {fileID: 1360942215}
  m_Layer: 5
  m_Name: Blocks 5
  m_TagString: Untagged
  m_Icon: {fileID: 0}
  m_NavMeshLayer: 0
  m_StaticEditorFlags: 0
  m_IsActive: 1
--- !u!224 &1360942214
RectTransform:
  m_ObjectHideFlags: 0
  m_PrefabParentObject: {fileID: 22446712, guid: b3dbb53f58b6d044a88fa41047008e13,
    type: 2}
  m_PrefabInternal: {fileID: 1308877376}
  m_GameObject: {fileID: 1360942213}
  m_LocalRotation: {x: 0, y: 0, z: 0, w: 1}
  m_LocalPosition: {x: 0, y: 0, z: 0}
  m_LocalScale: {x: 1, y: 1, z: 1}
  m_Children: []
  m_Father: {fileID: 825295970}
  m_RootOrder: 19
  m_LocalEulerAnglesHint: {x: 0, y: 0, z: 0}
  m_AnchorMin: {x: 0.5, y: 0.5}
  m_AnchorMax: {x: 0.5, y: 0.5}
  m_AnchoredPosition: {x: -95, y: -490}
  m_SizeDelta: {x: 192, y: 100}
  m_Pivot: {x: 0.5, y: 0.5}
--- !u!114 &1360942215
MonoBehaviour:
  m_ObjectHideFlags: 0
  m_PrefabParentObject: {fileID: 11481516, guid: b3dbb53f58b6d044a88fa41047008e13,
    type: 2}
  m_PrefabInternal: {fileID: 1308877376}
  m_GameObject: {fileID: 1360942213}
  m_Enabled: 1
  m_EditorHideFlags: 0
  m_Script: {fileID: -765806418, guid: f5f67c52d1564df4a8936ccd202a3bd8, type: 3}
  m_Name: 
  m_EditorClassIdentifier: 
  m_Material: {fileID: 0}
  m_Color: {r: 0.19215687, g: 0.42745098, b: 0.32156864, a: 1}
  m_RaycastTarget: 1
  m_OnCullStateChanged:
    m_PersistentCalls:
      m_Calls: []
    m_TypeName: UnityEngine.UI.MaskableGraphic+CullStateChangedEvent, UnityEngine.UI,
      Version=1.0.0.0, Culture=neutral, PublicKeyToken=null
  m_Sprite: {fileID: 21300000, guid: 7ed1238760b863f4aafde32ab3a6f28c, type: 3}
  m_Type: 1
  m_PreserveAspect: 0
  m_FillCenter: 1
  m_FillMethod: 4
  m_FillAmount: 1
  m_FillClockwise: 1
  m_FillOrigin: 0
--- !u!222 &1360942216
CanvasRenderer:
  m_ObjectHideFlags: 0
  m_PrefabParentObject: {fileID: 22286242, guid: b3dbb53f58b6d044a88fa41047008e13,
    type: 2}
  m_PrefabInternal: {fileID: 1308877376}
  m_GameObject: {fileID: 1360942213}
--- !u!1 &1429371717
GameObject:
  m_ObjectHideFlags: 0
  m_PrefabParentObject: {fileID: 105172, guid: b3dbb53f58b6d044a88fa41047008e13, type: 2}
  m_PrefabInternal: {fileID: 1308877376}
  serializedVersion: 5
  m_Component:
  - component: {fileID: 1429371718}
  - component: {fileID: 1429371720}
  - component: {fileID: 1429371719}
  m_Layer: 5
  m_Name: Blocks 13
  m_TagString: Untagged
  m_Icon: {fileID: 0}
  m_NavMeshLayer: 0
  m_StaticEditorFlags: 0
  m_IsActive: 1
--- !u!224 &1429371718
RectTransform:
  m_ObjectHideFlags: 0
  m_PrefabParentObject: {fileID: 22451624, guid: b3dbb53f58b6d044a88fa41047008e13,
    type: 2}
  m_PrefabInternal: {fileID: 1308877376}
  m_GameObject: {fileID: 1429371717}
  m_LocalRotation: {x: 0, y: 0, z: 0, w: 1}
  m_LocalPosition: {x: 0, y: 0, z: 0}
  m_LocalScale: {x: 1, y: 1, z: 1}
  m_Children: []
  m_Father: {fileID: 825295970}
  m_RootOrder: 27
  m_LocalEulerAnglesHint: {x: 0, y: 0, z: 0}
  m_AnchorMin: {x: 0.5, y: 0.5}
  m_AnchorMax: {x: 0.5, y: 0.5}
  m_AnchoredPosition: {x: 674, y: -90}
  m_SizeDelta: {x: 192, y: 100}
  m_Pivot: {x: 0.5, y: 0.5}
--- !u!114 &1429371719
MonoBehaviour:
  m_ObjectHideFlags: 0
  m_PrefabParentObject: {fileID: 11492010, guid: b3dbb53f58b6d044a88fa41047008e13,
    type: 2}
  m_PrefabInternal: {fileID: 1308877376}
  m_GameObject: {fileID: 1429371717}
  m_Enabled: 1
  m_EditorHideFlags: 0
  m_Script: {fileID: -765806418, guid: f5f67c52d1564df4a8936ccd202a3bd8, type: 3}
  m_Name: 
  m_EditorClassIdentifier: 
  m_Material: {fileID: 0}
  m_Color: {r: 0, g: 0.7372549, b: 0.37254903, a: 1}
  m_RaycastTarget: 1
  m_OnCullStateChanged:
    m_PersistentCalls:
      m_Calls: []
    m_TypeName: UnityEngine.UI.MaskableGraphic+CullStateChangedEvent, UnityEngine.UI,
      Version=1.0.0.0, Culture=neutral, PublicKeyToken=null
  m_Sprite: {fileID: 21300000, guid: 7ed1238760b863f4aafde32ab3a6f28c, type: 3}
  m_Type: 1
  m_PreserveAspect: 0
  m_FillCenter: 1
  m_FillMethod: 4
  m_FillAmount: 1
  m_FillClockwise: 1
  m_FillOrigin: 0
--- !u!222 &1429371720
CanvasRenderer:
  m_ObjectHideFlags: 0
  m_PrefabParentObject: {fileID: 22279878, guid: b3dbb53f58b6d044a88fa41047008e13,
    type: 2}
  m_PrefabInternal: {fileID: 1308877376}
  m_GameObject: {fileID: 1429371717}
--- !u!1 &1500371475
GameObject:
  m_ObjectHideFlags: 0
  m_PrefabParentObject: {fileID: 0}
  m_PrefabInternal: {fileID: 0}
  serializedVersion: 5
  m_Component:
  - component: {fileID: 1500371479}
  - component: {fileID: 1500371478}
  - component: {fileID: 1500371477}
  - component: {fileID: 1500371476}
  m_Layer: 0
  m_Name: EventSystem
  m_TagString: Untagged
  m_Icon: {fileID: 0}
  m_NavMeshLayer: 0
  m_StaticEditorFlags: 0
  m_IsActive: 1
--- !u!114 &1500371476
MonoBehaviour:
  m_ObjectHideFlags: 0
  m_PrefabParentObject: {fileID: 0}
  m_PrefabInternal: {fileID: 0}
  m_GameObject: {fileID: 1500371475}
  m_Enabled: 1
  m_EditorHideFlags: 0
  m_Script: {fileID: 1997211142, guid: f5f67c52d1564df4a8936ccd202a3bd8, type: 3}
  m_Name: 
  m_EditorClassIdentifier: 
  m_ForceModuleActive: 0
--- !u!114 &1500371477
MonoBehaviour:
  m_ObjectHideFlags: 0
  m_PrefabParentObject: {fileID: 0}
  m_PrefabInternal: {fileID: 0}
  m_GameObject: {fileID: 1500371475}
  m_Enabled: 1
  m_EditorHideFlags: 0
  m_Script: {fileID: 1077351063, guid: f5f67c52d1564df4a8936ccd202a3bd8, type: 3}
  m_Name: 
  m_EditorClassIdentifier: 
  m_HorizontalAxis: Horizontal
  m_VerticalAxis: Vertical
  m_SubmitButton: Submit
  m_CancelButton: Cancel
  m_InputActionsPerSecond: 10
  m_RepeatDelay: 0.5
  m_ForceModuleActive: 0
--- !u!114 &1500371478
MonoBehaviour:
  m_ObjectHideFlags: 0
  m_PrefabParentObject: {fileID: 0}
  m_PrefabInternal: {fileID: 0}
  m_GameObject: {fileID: 1500371475}
  m_Enabled: 1
  m_EditorHideFlags: 0
  m_Script: {fileID: -619905303, guid: f5f67c52d1564df4a8936ccd202a3bd8, type: 3}
  m_Name: 
  m_EditorClassIdentifier: 
  m_FirstSelected: {fileID: 0}
  m_sendNavigationEvents: 1
  m_DragThreshold: 5
--- !u!4 &1500371479
Transform:
  m_ObjectHideFlags: 0
  m_PrefabParentObject: {fileID: 0}
  m_PrefabInternal: {fileID: 0}
  m_GameObject: {fileID: 1500371475}
  m_LocalRotation: {x: 0, y: 0, z: 0, w: 1}
  m_LocalPosition: {x: 0, y: 0, z: 0}
  m_LocalScale: {x: 1, y: 1, z: 1}
  m_Children: []
  m_Father: {fileID: 0}
  m_RootOrder: 1
  m_LocalEulerAnglesHint: {x: 0, y: 0, z: 0}
--- !u!1 &1504974176
GameObject:
  m_ObjectHideFlags: 0
  m_PrefabParentObject: {fileID: 135138, guid: b3dbb53f58b6d044a88fa41047008e13, type: 2}
  m_PrefabInternal: {fileID: 1308877376}
  serializedVersion: 5
  m_Component:
  - component: {fileID: 1504974177}
  - component: {fileID: 1504974179}
  - component: {fileID: 1504974178}
  m_Layer: 5
  m_Name: Blocks 17
  m_TagString: Untagged
  m_Icon: {fileID: 0}
  m_NavMeshLayer: 0
  m_StaticEditorFlags: 0
  m_IsActive: 1
--- !u!224 &1504974177
RectTransform:
  m_ObjectHideFlags: 0
  m_PrefabParentObject: {fileID: 22409554, guid: b3dbb53f58b6d044a88fa41047008e13,
    type: 2}
  m_PrefabInternal: {fileID: 1308877376}
  m_GameObject: {fileID: 1504974176}
  m_LocalRotation: {x: 0, y: 0, z: 0, w: 1}
  m_LocalPosition: {x: 0, y: 0, z: 0}
  m_LocalScale: {x: 1, y: 1, z: 1}
  m_Children: []
  m_Father: {fileID: 825295970}
  m_RootOrder: 31
  m_LocalEulerAnglesHint: {x: 0, y: 0, z: 0}
  m_AnchorMin: {x: 0.5, y: 0.5}
  m_AnchorMax: {x: 0.5, y: 0.5}
  m_AnchoredPosition: {x: 96.99993, y: -490}
  m_SizeDelta: {x: 194, y: 100}
  m_Pivot: {x: 0.5, y: 0.5}
--- !u!114 &1504974178
MonoBehaviour:
  m_ObjectHideFlags: 0
  m_PrefabParentObject: {fileID: 11444970, guid: b3dbb53f58b6d044a88fa41047008e13,
    type: 2}
  m_PrefabInternal: {fileID: 1308877376}
  m_GameObject: {fileID: 1504974176}
  m_Enabled: 1
  m_EditorHideFlags: 0
  m_Script: {fileID: -765806418, guid: f5f67c52d1564df4a8936ccd202a3bd8, type: 3}
  m_Name: 
  m_EditorClassIdentifier: 
  m_Material: {fileID: 0}
  m_Color: {r: 0.19215687, g: 0.42745098, b: 0.32156864, a: 1}
  m_RaycastTarget: 1
  m_OnCullStateChanged:
    m_PersistentCalls:
      m_Calls: []
    m_TypeName: UnityEngine.UI.MaskableGraphic+CullStateChangedEvent, UnityEngine.UI,
      Version=1.0.0.0, Culture=neutral, PublicKeyToken=null
  m_Sprite: {fileID: 21300000, guid: 7ed1238760b863f4aafde32ab3a6f28c, type: 3}
  m_Type: 1
  m_PreserveAspect: 0
  m_FillCenter: 1
  m_FillMethod: 4
  m_FillAmount: 1
  m_FillClockwise: 1
  m_FillOrigin: 0
--- !u!222 &1504974179
CanvasRenderer:
  m_ObjectHideFlags: 0
  m_PrefabParentObject: {fileID: 22228346, guid: b3dbb53f58b6d044a88fa41047008e13,
    type: 2}
  m_PrefabInternal: {fileID: 1308877376}
  m_GameObject: {fileID: 1504974176}
--- !u!1 &1511305452
GameObject:
  m_ObjectHideFlags: 0
  m_PrefabParentObject: {fileID: 0}
  m_PrefabInternal: {fileID: 0}
  serializedVersion: 5
  m_Component:
  - component: {fileID: 1511305453}
  m_Layer: 0
  m_Name: __SET_YOUR_GAMESCREEN_TO_1920x1080
  m_TagString: Untagged
  m_Icon: {fileID: 0}
  m_NavMeshLayer: 0
  m_StaticEditorFlags: 0
  m_IsActive: 1
--- !u!4 &1511305453
Transform:
  m_ObjectHideFlags: 0
  m_PrefabParentObject: {fileID: 0}
  m_PrefabInternal: {fileID: 0}
  m_GameObject: {fileID: 1511305452}
  m_LocalRotation: {x: 0, y: 0, z: 0, w: 1}
  m_LocalPosition: {x: 494.995, y: 627.74, z: 0}
  m_LocalScale: {x: 1, y: 1, z: 1}
  m_Children: []
  m_Father: {fileID: 0}
  m_RootOrder: 2
  m_LocalEulerAnglesHint: {x: 0, y: 0, z: 0}
--- !u!1 &1564217375
GameObject:
  m_ObjectHideFlags: 0
  m_PrefabParentObject: {fileID: 183306, guid: b3dbb53f58b6d044a88fa41047008e13, type: 2}
  m_PrefabInternal: {fileID: 1308877376}
  serializedVersion: 5
  m_Component:
  - component: {fileID: 1564217376}
  - component: {fileID: 1564217378}
  - component: {fileID: 1564217377}
  m_Layer: 5
  m_Name: Blocks
  m_TagString: Untagged
  m_Icon: {fileID: 0}
  m_NavMeshLayer: 0
  m_StaticEditorFlags: 0
  m_IsActive: 1
--- !u!224 &1564217376
RectTransform:
  m_ObjectHideFlags: 0
  m_PrefabParentObject: {fileID: 22480576, guid: b3dbb53f58b6d044a88fa41047008e13,
    type: 2}
  m_PrefabInternal: {fileID: 1308877376}
  m_GameObject: {fileID: 1564217375}
  m_LocalRotation: {x: 0, y: 0, z: 0, w: 1}
  m_LocalPosition: {x: 0, y: 0, z: 0}
  m_LocalScale: {x: 1, y: 1, z: 1}
  m_Children: []
  m_Father: {fileID: 825295970}
  m_RootOrder: 5
  m_LocalEulerAnglesHint: {x: 0, y: 0, z: 0}
  m_AnchorMin: {x: 0.5, y: 0.5}
  m_AnchorMax: {x: 0.5, y: 0.5}
  m_AnchoredPosition: {x: -479.8, y: -490}
  m_SizeDelta: {x: 193.6, y: 100}
  m_Pivot: {x: 0.5, y: 0.5}
--- !u!114 &1564217377
MonoBehaviour:
  m_ObjectHideFlags: 0
  m_PrefabParentObject: {fileID: 11488744, guid: b3dbb53f58b6d044a88fa41047008e13,
    type: 2}
  m_PrefabInternal: {fileID: 1308877376}
  m_GameObject: {fileID: 1564217375}
  m_Enabled: 1
  m_EditorHideFlags: 0
  m_Script: {fileID: -765806418, guid: f5f67c52d1564df4a8936ccd202a3bd8, type: 3}
  m_Name: 
  m_EditorClassIdentifier: 
  m_Material: {fileID: 0}
  m_Color: {r: 0.19215687, g: 0.42745098, b: 0.32156864, a: 1}
  m_RaycastTarget: 1
  m_OnCullStateChanged:
    m_PersistentCalls:
      m_Calls: []
    m_TypeName: UnityEngine.UI.MaskableGraphic+CullStateChangedEvent, UnityEngine.UI,
      Version=1.0.0.0, Culture=neutral, PublicKeyToken=null
  m_Sprite: {fileID: 21300000, guid: 7ed1238760b863f4aafde32ab3a6f28c, type: 3}
  m_Type: 1
  m_PreserveAspect: 0
  m_FillCenter: 1
  m_FillMethod: 4
  m_FillAmount: 1
  m_FillClockwise: 1
  m_FillOrigin: 0
--- !u!222 &1564217378
CanvasRenderer:
  m_ObjectHideFlags: 0
  m_PrefabParentObject: {fileID: 22218906, guid: b3dbb53f58b6d044a88fa41047008e13,
    type: 2}
  m_PrefabInternal: {fileID: 1308877376}
  m_GameObject: {fileID: 1564217375}
--- !u!1 &1596266172
GameObject:
  m_ObjectHideFlags: 0
  m_PrefabParentObject: {fileID: 136478, guid: b3dbb53f58b6d044a88fa41047008e13, type: 2}
  m_PrefabInternal: {fileID: 1308877376}
  serializedVersion: 5
  m_Component:
  - component: {fileID: 1596266173}
  - component: {fileID: 1596266175}
  - component: {fileID: 1596266174}
  m_Layer: 5
  m_Name: Blocks
  m_TagString: Untagged
  m_Icon: {fileID: 0}
  m_NavMeshLayer: 0
  m_StaticEditorFlags: 0
  m_IsActive: 1
--- !u!224 &1596266173
RectTransform:
  m_ObjectHideFlags: 0
  m_PrefabParentObject: {fileID: 22464836, guid: b3dbb53f58b6d044a88fa41047008e13,
    type: 2}
  m_PrefabInternal: {fileID: 1308877376}
  m_GameObject: {fileID: 1596266172}
  m_LocalRotation: {x: 0, y: 0, z: 0, w: 1}
  m_LocalPosition: {x: 0, y: 0, z: 0}
  m_LocalScale: {x: 1, y: 1, z: 1}
  m_Children: []
  m_Father: {fileID: 825295970}
  m_RootOrder: 8
  m_LocalEulerAnglesHint: {x: 0, y: 0, z: 0}
  m_AnchorMin: {x: 0.5, y: 0.5}
  m_AnchorMax: {x: 0.5, y: 0.5}
  m_AnchoredPosition: {x: -479.8, y: -90}
  m_SizeDelta: {x: 193.6, y: 100}
  m_Pivot: {x: 0.5, y: 0.5}
--- !u!114 &1596266174
MonoBehaviour:
  m_ObjectHideFlags: 0
  m_PrefabParentObject: {fileID: 11452886, guid: b3dbb53f58b6d044a88fa41047008e13,
    type: 2}
  m_PrefabInternal: {fileID: 1308877376}
  m_GameObject: {fileID: 1596266172}
  m_Enabled: 1
  m_EditorHideFlags: 0
  m_Script: {fileID: -765806418, guid: f5f67c52d1564df4a8936ccd202a3bd8, type: 3}
  m_Name: 
  m_EditorClassIdentifier: 
  m_Material: {fileID: 0}
  m_Color: {r: 0, g: 0.7372549, b: 0.37254903, a: 1}
  m_RaycastTarget: 1
  m_OnCullStateChanged:
    m_PersistentCalls:
      m_Calls: []
    m_TypeName: UnityEngine.UI.MaskableGraphic+CullStateChangedEvent, UnityEngine.UI,
      Version=1.0.0.0, Culture=neutral, PublicKeyToken=null
  m_Sprite: {fileID: 21300000, guid: 7ed1238760b863f4aafde32ab3a6f28c, type: 3}
  m_Type: 1
  m_PreserveAspect: 0
  m_FillCenter: 1
  m_FillMethod: 4
  m_FillAmount: 1
  m_FillClockwise: 1
  m_FillOrigin: 0
--- !u!222 &1596266175
CanvasRenderer:
  m_ObjectHideFlags: 0
  m_PrefabParentObject: {fileID: 22261530, guid: b3dbb53f58b6d044a88fa41047008e13,
    type: 2}
  m_PrefabInternal: {fileID: 1308877376}
  m_GameObject: {fileID: 1596266172}
--- !u!1 &1622905058
GameObject:
  m_ObjectHideFlags: 0
  m_PrefabParentObject: {fileID: 199312, guid: b3dbb53f58b6d044a88fa41047008e13, type: 2}
  m_PrefabInternal: {fileID: 1308877376}
  serializedVersion: 5
  m_Component:
  - component: {fileID: 1622905059}
  - component: {fileID: 1622905061}
  - component: {fileID: 1622905060}
  m_Layer: 5
  m_Name: Blocks 10
  m_TagString: Untagged
  m_Icon: {fileID: 0}
  m_NavMeshLayer: 0
  m_StaticEditorFlags: 0
  m_IsActive: 1
--- !u!224 &1622905059
RectTransform:
  m_ObjectHideFlags: 0
  m_PrefabParentObject: {fileID: 22451070, guid: b3dbb53f58b6d044a88fa41047008e13,
    type: 2}
  m_PrefabInternal: {fileID: 1308877376}
  m_GameObject: {fileID: 1622905058}
  m_LocalRotation: {x: 0, y: 0, z: 0, w: 1}
  m_LocalPosition: {x: 0, y: 0, z: 0}
  m_LocalScale: {x: 1, y: 1, z: 1}
  m_Children: []
  m_Father: {fileID: 825295970}
  m_RootOrder: 23
  m_LocalEulerAnglesHint: {x: 0, y: 0, z: 0}
  m_AnchorMin: {x: 0.5, y: 0.5}
  m_AnchorMax: {x: 0.5, y: 0.5}
  m_AnchoredPosition: {x: 290, y: -490}
  m_SizeDelta: {x: 192, y: 100}
  m_Pivot: {x: 0.5, y: 0.5}
--- !u!114 &1622905060
MonoBehaviour:
  m_ObjectHideFlags: 0
  m_PrefabParentObject: {fileID: 11458570, guid: b3dbb53f58b6d044a88fa41047008e13,
    type: 2}
  m_PrefabInternal: {fileID: 1308877376}
  m_GameObject: {fileID: 1622905058}
  m_Enabled: 1
  m_EditorHideFlags: 0
  m_Script: {fileID: -765806418, guid: f5f67c52d1564df4a8936ccd202a3bd8, type: 3}
  m_Name: 
  m_EditorClassIdentifier: 
  m_Material: {fileID: 0}
  m_Color: {r: 0.19215687, g: 0.42745098, b: 0.32156864, a: 1}
  m_RaycastTarget: 1
  m_OnCullStateChanged:
    m_PersistentCalls:
      m_Calls: []
    m_TypeName: UnityEngine.UI.MaskableGraphic+CullStateChangedEvent, UnityEngine.UI,
      Version=1.0.0.0, Culture=neutral, PublicKeyToken=null
  m_Sprite: {fileID: 21300000, guid: 7ed1238760b863f4aafde32ab3a6f28c, type: 3}
  m_Type: 1
  m_PreserveAspect: 0
  m_FillCenter: 1
  m_FillMethod: 4
  m_FillAmount: 1
  m_FillClockwise: 1
  m_FillOrigin: 0
--- !u!222 &1622905061
CanvasRenderer:
  m_ObjectHideFlags: 0
  m_PrefabParentObject: {fileID: 22278476, guid: b3dbb53f58b6d044a88fa41047008e13,
    type: 2}
  m_PrefabInternal: {fileID: 1308877376}
  m_GameObject: {fileID: 1622905058}
--- !u!1 &1660783138
GameObject:
  m_ObjectHideFlags: 0
  m_PrefabParentObject: {fileID: 141066, guid: b3dbb53f58b6d044a88fa41047008e13, type: 2}
  m_PrefabInternal: {fileID: 1308877376}
  serializedVersion: 5
  m_Component:
  - component: {fileID: 1660783139}
  - component: {fileID: 1660783141}
  - component: {fileID: 1660783140}
  m_Layer: 5
  m_Name: Blocks 7
  m_TagString: Untagged
  m_Icon: {fileID: 0}
  m_NavMeshLayer: 0
  m_StaticEditorFlags: 0
  m_IsActive: 1
--- !u!224 &1660783139
RectTransform:
  m_ObjectHideFlags: 0
  m_PrefabParentObject: {fileID: 22402280, guid: b3dbb53f58b6d044a88fa41047008e13,
    type: 2}
  m_PrefabInternal: {fileID: 1308877376}
  m_GameObject: {fileID: 1660783138}
  m_LocalRotation: {x: 0, y: 0, z: 0, w: 1}
  m_LocalPosition: {x: 0, y: 0, z: 0}
  m_LocalScale: {x: 1, y: 1, z: 1}
  m_Children: []
  m_Father: {fileID: 825295970}
  m_RootOrder: 21
  m_LocalEulerAnglesHint: {x: 0, y: 0, z: 0}
  m_AnchorMin: {x: 0.5, y: 0.5}
  m_AnchorMax: {x: 0.5, y: 0.5}
  m_AnchoredPosition: {x: -95, y: -190}
  m_SizeDelta: {x: 192, y: 100}
  m_Pivot: {x: 0.5, y: 0.5}
--- !u!114 &1660783140
MonoBehaviour:
  m_ObjectHideFlags: 0
  m_PrefabParentObject: {fileID: 11421518, guid: b3dbb53f58b6d044a88fa41047008e13,
    type: 2}
  m_PrefabInternal: {fileID: 1308877376}
  m_GameObject: {fileID: 1660783138}
  m_Enabled: 1
  m_EditorHideFlags: 0
  m_Script: {fileID: -765806418, guid: f5f67c52d1564df4a8936ccd202a3bd8, type: 3}
  m_Name: 
  m_EditorClassIdentifier: 
  m_Material: {fileID: 0}
  m_Color: {r: 0, g: 0.6784314, b: 0.36078432, a: 1}
  m_RaycastTarget: 1
  m_OnCullStateChanged:
    m_PersistentCalls:
      m_Calls: []
    m_TypeName: UnityEngine.UI.MaskableGraphic+CullStateChangedEvent, UnityEngine.UI,
      Version=1.0.0.0, Culture=neutral, PublicKeyToken=null
  m_Sprite: {fileID: 21300000, guid: 7ed1238760b863f4aafde32ab3a6f28c, type: 3}
  m_Type: 1
  m_PreserveAspect: 0
  m_FillCenter: 1
  m_FillMethod: 4
  m_FillAmount: 1
  m_FillClockwise: 1
  m_FillOrigin: 0
--- !u!222 &1660783141
CanvasRenderer:
  m_ObjectHideFlags: 0
  m_PrefabParentObject: {fileID: 22236962, guid: b3dbb53f58b6d044a88fa41047008e13,
    type: 2}
  m_PrefabInternal: {fileID: 1308877376}
  m_GameObject: {fileID: 1660783138}
--- !u!1 &1673646127
GameObject:
  m_ObjectHideFlags: 0
  m_PrefabParentObject: {fileID: 178630, guid: b3dbb53f58b6d044a88fa41047008e13, type: 2}
  m_PrefabInternal: {fileID: 1308877376}
  serializedVersion: 5
  m_Component:
  - component: {fileID: 1673646128}
  - component: {fileID: 1673646130}
  - component: {fileID: 1673646129}
  m_Layer: 5
  m_Name: Blocks
  m_TagString: Untagged
  m_Icon: {fileID: 0}
  m_NavMeshLayer: 0
  m_StaticEditorFlags: 0
  m_IsActive: 1
--- !u!224 &1673646128
RectTransform:
  m_ObjectHideFlags: 0
  m_PrefabParentObject: {fileID: 22464482, guid: b3dbb53f58b6d044a88fa41047008e13,
    type: 2}
  m_PrefabInternal: {fileID: 1308877376}
  m_GameObject: {fileID: 1673646127}
  m_LocalRotation: {x: 0, y: 0, z: 0, w: 1}
  m_LocalPosition: {x: 0, y: 0, z: 0}
  m_LocalScale: {x: 1, y: 1, z: 1}
  m_Children: []
  m_Father: {fileID: 825295970}
  m_RootOrder: 10
  m_LocalEulerAnglesHint: {x: 0, y: 0, z: 0}
  m_AnchorMin: {x: 0.5, y: 0.5}
  m_AnchorMax: {x: 0.5, y: 0.5}
  m_AnchoredPosition: {x: -864, y: -390}
  m_SizeDelta: {x: 192, y: 100}
  m_Pivot: {x: 0.5, y: 0.5}
--- !u!114 &1673646129
MonoBehaviour:
  m_ObjectHideFlags: 0
  m_PrefabParentObject: {fileID: 11434246, guid: b3dbb53f58b6d044a88fa41047008e13,
    type: 2}
  m_PrefabInternal: {fileID: 1308877376}
  m_GameObject: {fileID: 1673646127}
  m_Enabled: 1
  m_EditorHideFlags: 0
  m_Script: {fileID: -765806418, guid: f5f67c52d1564df4a8936ccd202a3bd8, type: 3}
  m_Name: 
  m_EditorClassIdentifier: 
  m_Material: {fileID: 0}
  m_Color: {r: 0, g: 0.6784314, b: 0.36078432, a: 1}
  m_RaycastTarget: 1
  m_OnCullStateChanged:
    m_PersistentCalls:
      m_Calls: []
    m_TypeName: UnityEngine.UI.MaskableGraphic+CullStateChangedEvent, UnityEngine.UI,
      Version=1.0.0.0, Culture=neutral, PublicKeyToken=null
  m_Sprite: {fileID: 21300000, guid: 7ed1238760b863f4aafde32ab3a6f28c, type: 3}
  m_Type: 1
  m_PreserveAspect: 0
  m_FillCenter: 1
  m_FillMethod: 4
  m_FillAmount: 1
  m_FillClockwise: 1
  m_FillOrigin: 0
--- !u!222 &1673646130
CanvasRenderer:
  m_ObjectHideFlags: 0
  m_PrefabParentObject: {fileID: 22262650, guid: b3dbb53f58b6d044a88fa41047008e13,
    type: 2}
  m_PrefabInternal: {fileID: 1308877376}
  m_GameObject: {fileID: 1673646127}
--- !u!1 &1678014880
GameObject:
  m_ObjectHideFlags: 0
  m_PrefabParentObject: {fileID: 197154, guid: b3dbb53f58b6d044a88fa41047008e13, type: 2}
  m_PrefabInternal: {fileID: 1308877376}
  serializedVersion: 5
  m_Component:
  - component: {fileID: 1678014881}
  - component: {fileID: 1678014883}
  - component: {fileID: 1678014882}
  m_Layer: 5
  m_Name: Text
  m_TagString: Untagged
  m_Icon: {fileID: 0}
  m_NavMeshLayer: 0
  m_StaticEditorFlags: 0
  m_IsActive: 1
--- !u!224 &1678014881
RectTransform:
  m_ObjectHideFlags: 0
  m_PrefabParentObject: {fileID: 22462328, guid: b3dbb53f58b6d044a88fa41047008e13,
    type: 2}
  m_PrefabInternal: {fileID: 1308877376}
  m_GameObject: {fileID: 1678014880}
  m_LocalRotation: {x: 0, y: 0, z: 0, w: 1}
  m_LocalPosition: {x: 0, y: 0, z: 0}
  m_LocalScale: {x: 1, y: 1, z: 1}
  m_Children: []
  m_Father: {fileID: 763157076}
  m_RootOrder: 1
  m_LocalEulerAnglesHint: {x: 0, y: 0, z: 0}
  m_AnchorMin: {x: 0.5, y: 0.5}
  m_AnchorMax: {x: 0.5, y: 0.5}
  m_AnchoredPosition: {x: 749, y: 11}
  m_SizeDelta: {x: 388, y: 192}
  m_Pivot: {x: 0.5, y: 0.5}
--- !u!114 &1678014882
MonoBehaviour:
  m_ObjectHideFlags: 0
  m_PrefabParentObject: {fileID: 11446518, guid: b3dbb53f58b6d044a88fa41047008e13,
    type: 2}
  m_PrefabInternal: {fileID: 1308877376}
  m_GameObject: {fileID: 1678014880}
  m_Enabled: 1
  m_EditorHideFlags: 0
  m_Script: {fileID: 708705254, guid: f5f67c52d1564df4a8936ccd202a3bd8, type: 3}
  m_Name: 
  m_EditorClassIdentifier: 
  m_Material: {fileID: 0}
  m_Color: {r: 0.9529412, g: 0.9019608, b: 0.76862746, a: 1}
  m_RaycastTarget: 1
  m_OnCullStateChanged:
    m_PersistentCalls:
      m_Calls: []
    m_TypeName: UnityEngine.UI.MaskableGraphic+CullStateChangedEvent, UnityEngine.UI,
      Version=1.0.0.0, Culture=neutral, PublicKeyToken=null
  m_FontData:
    m_Font: {fileID: 12800000, guid: bd1ea67ca2b5742d1a24fcbdc17c55e1, type: 3}
    m_FontSize: 50
    m_FontStyle: 0
    m_BestFit: 0
    m_MinSize: 10
    m_MaxSize: 50
    m_Alignment: 4
    m_AlignByGeometry: 0
    m_RichText: 1
    m_HorizontalOverflow: 0
    m_VerticalOverflow: 0
    m_LineSpacing: 1
  m_Text: 4580
--- !u!222 &1678014883
CanvasRenderer:
  m_ObjectHideFlags: 0
  m_PrefabParentObject: {fileID: 22286466, guid: b3dbb53f58b6d044a88fa41047008e13,
    type: 2}
  m_PrefabInternal: {fileID: 1308877376}
  m_GameObject: {fileID: 1678014880}
--- !u!1 &1719705028
GameObject:
  m_ObjectHideFlags: 0
  m_PrefabParentObject: {fileID: 130016, guid: b3dbb53f58b6d044a88fa41047008e13, type: 2}
  m_PrefabInternal: {fileID: 1308877376}
  serializedVersion: 5
  m_Component:
  - component: {fileID: 1719705029}
  - component: {fileID: 1719705031}
  - component: {fileID: 1719705030}
  m_Layer: 5
  m_Name: Blocks
  m_TagString: Untagged
  m_Icon: {fileID: 0}
  m_NavMeshLayer: 0
  m_StaticEditorFlags: 0
  m_IsActive: 1
--- !u!224 &1719705029
RectTransform:
  m_ObjectHideFlags: 0
  m_PrefabParentObject: {fileID: 22455040, guid: b3dbb53f58b6d044a88fa41047008e13,
    type: 2}
  m_PrefabInternal: {fileID: 1308877376}
  m_GameObject: {fileID: 1719705028}
  m_LocalRotation: {x: 0, y: 0, z: 0, w: 1}
  m_LocalPosition: {x: 0, y: 0, z: 0}
  m_LocalScale: {x: 1, y: 1, z: 1}
  m_Children: []
  m_Father: {fileID: 825295970}
  m_RootOrder: 3
  m_LocalEulerAnglesHint: {x: 0, y: 0, z: 0}
  m_AnchorMin: {x: 0.5, y: 0.5}
  m_AnchorMax: {x: 0.5, y: 0.5}
  m_AnchoredPosition: {x: -672, y: -490}
  m_SizeDelta: {x: 192, y: 100}
  m_Pivot: {x: 0.5, y: 0.5}
--- !u!114 &1719705030
MonoBehaviour:
  m_ObjectHideFlags: 0
  m_PrefabParentObject: {fileID: 11428618, guid: b3dbb53f58b6d044a88fa41047008e13,
    type: 2}
  m_PrefabInternal: {fileID: 1308877376}
  m_GameObject: {fileID: 1719705028}
  m_Enabled: 1
  m_EditorHideFlags: 0
  m_Script: {fileID: -765806418, guid: f5f67c52d1564df4a8936ccd202a3bd8, type: 3}
  m_Name: 
  m_EditorClassIdentifier: 
  m_Material: {fileID: 0}
  m_Color: {r: 0.19215687, g: 0.42745098, b: 0.32156864, a: 1}
  m_RaycastTarget: 1
  m_OnCullStateChanged:
    m_PersistentCalls:
      m_Calls: []
    m_TypeName: UnityEngine.UI.MaskableGraphic+CullStateChangedEvent, UnityEngine.UI,
      Version=1.0.0.0, Culture=neutral, PublicKeyToken=null
  m_Sprite: {fileID: 21300000, guid: 7ed1238760b863f4aafde32ab3a6f28c, type: 3}
  m_Type: 1
  m_PreserveAspect: 0
  m_FillCenter: 1
  m_FillMethod: 4
  m_FillAmount: 1
  m_FillClockwise: 1
  m_FillOrigin: 0
--- !u!222 &1719705031
CanvasRenderer:
  m_ObjectHideFlags: 0
  m_PrefabParentObject: {fileID: 22210726, guid: b3dbb53f58b6d044a88fa41047008e13,
    type: 2}
  m_PrefabInternal: {fileID: 1308877376}
  m_GameObject: {fileID: 1719705028}
--- !u!1 &1725510301
GameObject:
  m_ObjectHideFlags: 0
  m_PrefabParentObject: {fileID: 163162, guid: b3dbb53f58b6d044a88fa41047008e13, type: 2}
  m_PrefabInternal: {fileID: 1308877376}
  serializedVersion: 5
  m_Component:
  - component: {fileID: 1725510302}
  - component: {fileID: 1725510304}
  - component: {fileID: 1725510303}
  m_Layer: 5
  m_Name: Blocks
  m_TagString: Untagged
  m_Icon: {fileID: 0}
  m_NavMeshLayer: 0
  m_StaticEditorFlags: 0
  m_IsActive: 1
--- !u!224 &1725510302
RectTransform:
  m_ObjectHideFlags: 0
  m_PrefabParentObject: {fileID: 22497320, guid: b3dbb53f58b6d044a88fa41047008e13,
    type: 2}
  m_PrefabInternal: {fileID: 1308877376}
  m_GameObject: {fileID: 1725510301}
  m_LocalRotation: {x: 0, y: 0, z: 0, w: 1}
  m_LocalPosition: {x: 0, y: 0, z: 0}
  m_LocalScale: {x: 1, y: 1, z: 1}
  m_Children: []
  m_Father: {fileID: 825295970}
  m_RootOrder: 11
  m_LocalEulerAnglesHint: {x: 0, y: 0, z: 0}
  m_AnchorMin: {x: 0.5, y: 0.5}
  m_AnchorMax: {x: 0.5, y: 0.5}
  m_AnchoredPosition: {x: -479.8, y: 110}
  m_SizeDelta: {x: 193.6, y: 100}
  m_Pivot: {x: 0.5, y: 0.5}
--- !u!114 &1725510303
MonoBehaviour:
  m_ObjectHideFlags: 0
  m_PrefabParentObject: {fileID: 11469190, guid: b3dbb53f58b6d044a88fa41047008e13,
    type: 2}
  m_PrefabInternal: {fileID: 1308877376}
  m_GameObject: {fileID: 1725510301}
  m_Enabled: 1
  m_EditorHideFlags: 0
  m_Script: {fileID: -765806418, guid: f5f67c52d1564df4a8936ccd202a3bd8, type: 3}
  m_Name: 
  m_EditorClassIdentifier: 
  m_Material: {fileID: 0}
  m_Color: {r: 0, g: 0.8666667, b: 0.38431373, a: 1}
  m_RaycastTarget: 1
  m_OnCullStateChanged:
    m_PersistentCalls:
      m_Calls: []
    m_TypeName: UnityEngine.UI.MaskableGraphic+CullStateChangedEvent, UnityEngine.UI,
      Version=1.0.0.0, Culture=neutral, PublicKeyToken=null
  m_Sprite: {fileID: 21300000, guid: 7ed1238760b863f4aafde32ab3a6f28c, type: 3}
  m_Type: 1
  m_PreserveAspect: 0
  m_FillCenter: 1
  m_FillMethod: 4
  m_FillAmount: 1
  m_FillClockwise: 1
  m_FillOrigin: 0
--- !u!222 &1725510304
CanvasRenderer:
  m_ObjectHideFlags: 0
  m_PrefabParentObject: {fileID: 22212994, guid: b3dbb53f58b6d044a88fa41047008e13,
    type: 2}
  m_PrefabInternal: {fileID: 1308877376}
  m_GameObject: {fileID: 1725510301}
--- !u!1 &1839129940
GameObject:
  m_ObjectHideFlags: 0
  m_PrefabParentObject: {fileID: 134552, guid: b3dbb53f58b6d044a88fa41047008e13, type: 2}
  m_PrefabInternal: {fileID: 1308877376}
  serializedVersion: 5
  m_Component:
  - component: {fileID: 1839129941}
  - component: {fileID: 1839129943}
  - component: {fileID: 1839129942}
  m_Layer: 5
  m_Name: Blocks 6
  m_TagString: Untagged
  m_Icon: {fileID: 0}
  m_NavMeshLayer: 0
  m_StaticEditorFlags: 0
  m_IsActive: 1
--- !u!224 &1839129941
RectTransform:
  m_ObjectHideFlags: 0
  m_PrefabParentObject: {fileID: 22474248, guid: b3dbb53f58b6d044a88fa41047008e13,
    type: 2}
  m_PrefabInternal: {fileID: 1308877376}
  m_GameObject: {fileID: 1839129940}
  m_LocalRotation: {x: 0, y: 0, z: 0, w: 1}
  m_LocalPosition: {x: 0, y: 0, z: 0}
  m_LocalScale: {x: 1, y: 1, z: 1}
  m_Children: []
  m_Father: {fileID: 825295970}
  m_RootOrder: 20
  m_LocalEulerAnglesHint: {x: 0, y: 0, z: 0}
  m_AnchorMin: {x: 0.5, y: 0.5}
  m_AnchorMax: {x: 0.5, y: 0.5}
  m_AnchoredPosition: {x: -95, y: -90}
  m_SizeDelta: {x: 192, y: 100}
  m_Pivot: {x: 0.5, y: 0.5}
--- !u!114 &1839129942
MonoBehaviour:
  m_ObjectHideFlags: 0
  m_PrefabParentObject: {fileID: 11466164, guid: b3dbb53f58b6d044a88fa41047008e13,
    type: 2}
  m_PrefabInternal: {fileID: 1308877376}
  m_GameObject: {fileID: 1839129940}
  m_Enabled: 1
  m_EditorHideFlags: 0
  m_Script: {fileID: -765806418, guid: f5f67c52d1564df4a8936ccd202a3bd8, type: 3}
  m_Name: 
  m_EditorClassIdentifier: 
  m_Material: {fileID: 0}
  m_Color: {r: 0, g: 0.7372549, b: 0.37254903, a: 1}
  m_RaycastTarget: 1
  m_OnCullStateChanged:
    m_PersistentCalls:
      m_Calls: []
    m_TypeName: UnityEngine.UI.MaskableGraphic+CullStateChangedEvent, UnityEngine.UI,
      Version=1.0.0.0, Culture=neutral, PublicKeyToken=null
  m_Sprite: {fileID: 21300000, guid: 7ed1238760b863f4aafde32ab3a6f28c, type: 3}
  m_Type: 1
  m_PreserveAspect: 0
  m_FillCenter: 1
  m_FillMethod: 4
  m_FillAmount: 1
  m_FillClockwise: 1
  m_FillOrigin: 0
--- !u!222 &1839129943
CanvasRenderer:
  m_ObjectHideFlags: 0
  m_PrefabParentObject: {fileID: 22273706, guid: b3dbb53f58b6d044a88fa41047008e13,
    type: 2}
  m_PrefabInternal: {fileID: 1308877376}
  m_GameObject: {fileID: 1839129940}
--- !u!1 &1892125215
GameObject:
  m_ObjectHideFlags: 0
  m_PrefabParentObject: {fileID: 112268, guid: b3dbb53f58b6d044a88fa41047008e13, type: 2}
  m_PrefabInternal: {fileID: 1308877376}
  serializedVersion: 5
  m_Component:
  - component: {fileID: 1892125216}
  - component: {fileID: 1892125218}
  - component: {fileID: 1892125217}
  m_Layer: 5
  m_Name: Blocks
  m_TagString: Untagged
  m_Icon: {fileID: 0}
  m_NavMeshLayer: 0
  m_StaticEditorFlags: 0
  m_IsActive: 1
--- !u!224 &1892125216
RectTransform:
  m_ObjectHideFlags: 0
  m_PrefabParentObject: {fileID: 22440368, guid: b3dbb53f58b6d044a88fa41047008e13,
    type: 2}
  m_PrefabInternal: {fileID: 1308877376}
  m_GameObject: {fileID: 1892125215}
  m_LocalRotation: {x: 0, y: 0, z: 0, w: 1}
  m_LocalPosition: {x: 0, y: 0, z: 0}
  m_LocalScale: {x: 1, y: 1, z: 1}
  m_Children: []
  m_Father: {fileID: 825295970}
  m_RootOrder: 7
  m_LocalEulerAnglesHint: {x: 0, y: 0, z: 0}
  m_AnchorMin: {x: 0.5, y: 0.5}
  m_AnchorMax: {x: 0.5, y: 0.5}
  m_AnchoredPosition: {x: -479.8, y: -190}
  m_SizeDelta: {x: 193.6, y: 100}
  m_Pivot: {x: 0.5, y: 0.5}
--- !u!114 &1892125217
MonoBehaviour:
  m_ObjectHideFlags: 0
  m_PrefabParentObject: {fileID: 11473350, guid: b3dbb53f58b6d044a88fa41047008e13,
    type: 2}
  m_PrefabInternal: {fileID: 1308877376}
  m_GameObject: {fileID: 1892125215}
  m_Enabled: 1
  m_EditorHideFlags: 0
  m_Script: {fileID: -765806418, guid: f5f67c52d1564df4a8936ccd202a3bd8, type: 3}
  m_Name: 
  m_EditorClassIdentifier: 
  m_Material: {fileID: 0}
  m_Color: {r: 0, g: 0.6784314, b: 0.36078432, a: 1}
  m_RaycastTarget: 1
  m_OnCullStateChanged:
    m_PersistentCalls:
      m_Calls: []
    m_TypeName: UnityEngine.UI.MaskableGraphic+CullStateChangedEvent, UnityEngine.UI,
      Version=1.0.0.0, Culture=neutral, PublicKeyToken=null
  m_Sprite: {fileID: 21300000, guid: 7ed1238760b863f4aafde32ab3a6f28c, type: 3}
  m_Type: 1
  m_PreserveAspect: 0
  m_FillCenter: 1
  m_FillMethod: 4
  m_FillAmount: 1
  m_FillClockwise: 1
  m_FillOrigin: 0
--- !u!222 &1892125218
CanvasRenderer:
  m_ObjectHideFlags: 0
  m_PrefabParentObject: {fileID: 22248332, guid: b3dbb53f58b6d044a88fa41047008e13,
    type: 2}
  m_PrefabInternal: {fileID: 1308877376}
  m_GameObject: {fileID: 1892125215}
--- !u!1 &1992274590
GameObject:
  m_ObjectHideFlags: 0
  m_PrefabParentObject: {fileID: 168068, guid: b3dbb53f58b6d044a88fa41047008e13, type: 2}
  m_PrefabInternal: {fileID: 1308877376}
  serializedVersion: 5
  m_Component:
  - component: {fileID: 1992274591}
  - component: {fileID: 1992274593}
  - component: {fileID: 1992274592}
  m_Layer: 5
  m_Name: AppTitle
  m_TagString: Untagged
  m_Icon: {fileID: 0}
  m_NavMeshLayer: 0
  m_StaticEditorFlags: 0
  m_IsActive: 1
--- !u!224 &1992274591
RectTransform:
  m_ObjectHideFlags: 0
  m_PrefabParentObject: {fileID: 22460324, guid: b3dbb53f58b6d044a88fa41047008e13,
    type: 2}
  m_PrefabInternal: {fileID: 1308877376}
  m_GameObject: {fileID: 1992274590}
  m_LocalRotation: {x: 0, y: 0, z: 0, w: 1}
  m_LocalPosition: {x: 0, y: 0, z: 0}
  m_LocalScale: {x: 1, y: 1, z: 1}
  m_Children: []
  m_Father: {fileID: 902228095}
  m_RootOrder: 0
  m_LocalEulerAnglesHint: {x: 0, y: 0, z: 0}
  m_AnchorMin: {x: 0.5, y: 0.5}
  m_AnchorMax: {x: 0.5, y: 0.5}
  m_AnchoredPosition: {x: -36.5, y: -88}
  m_SizeDelta: {x: 695, y: 67}
  m_Pivot: {x: 0.5, y: 0.5}
--- !u!114 &1992274592
MonoBehaviour:
  m_ObjectHideFlags: 0
  m_PrefabParentObject: {fileID: 11428340, guid: b3dbb53f58b6d044a88fa41047008e13,
    type: 2}
  m_PrefabInternal: {fileID: 1308877376}
  m_GameObject: {fileID: 1992274590}
  m_Enabled: 1
  m_EditorHideFlags: 0
  m_Script: {fileID: 708705254, guid: f5f67c52d1564df4a8936ccd202a3bd8, type: 3}
  m_Name: 
  m_EditorClassIdentifier: 
  m_Material: {fileID: 0}
  m_Color: {r: 0.85490197, g: 0.85490197, b: 0.85490197, a: 1}
  m_RaycastTarget: 1
  m_OnCullStateChanged:
    m_PersistentCalls:
      m_Calls: []
    m_TypeName: UnityEngine.UI.MaskableGraphic+CullStateChangedEvent, UnityEngine.UI,
      Version=1.0.0.0, Culture=neutral, PublicKeyToken=null
  m_FontData:
    m_Font: {fileID: 12800000, guid: 218956a5c2a6e42d6a60afccf80b002b, type: 3}
    m_FontSize: 40
    m_FontStyle: 0
    m_BestFit: 0
    m_MinSize: 10
    m_MaxSize: 40
    m_Alignment: 0
    m_AlignByGeometry: 0
    m_RichText: 1
    m_HorizontalOverflow: 0
    m_VerticalOverflow: 1
    m_LineSpacing: 1
  m_Text: APP SAMPLE DESKTOP
--- !u!222 &1992274593
CanvasRenderer:
  m_ObjectHideFlags: 0
  m_PrefabParentObject: {fileID: 22224890, guid: b3dbb53f58b6d044a88fa41047008e13,
    type: 2}
  m_PrefabInternal: {fileID: 1308877376}
  m_GameObject: {fileID: 1992274590}
